2414 4140
197 172 239 233 30
488 163 859 221 ANNOTATIONES.
904 189 908 200 ¹

267 314 313 369 Vs.
327 315 368 370 13.
387 314 533 367 Scribimus
546 313 663 377 inclusi,
680 332 805 365 numeros
820 311 881 375 ille,
900 311 945 363 iiic
957 334 991 350 -
1004 308 1052 362 sie
1068 326 1163 365 omnes

198 385 259 437 fere
272 385 391 448 codices,
409 382 526 448 Reium,
545 390 573 432 et
585 380 769 432 Achaintrius.
787 378 928 430 Passovius
945 388 1046 431 contra
1059 383 1163 449 purtim

197 454 327 525 probauit
338 450 495 505 Marklaudi
514 451 708 502 coniecturam
721 452 886 513 Scribimus,
911 450 1031 501 inclusus
1046 456 1176 505 cauieris·

199 524 264 590 (ros)
278 526 333 589 ille,
355 525 408 587 liic,
423 519 540 571 Orellius
550 528 641 571 totam
648 518 781 571 Gronovii
794 518 824 569 in
832 516 944 571 Illench.
952 532 980 586 p.
988 520 1050 573 267.
1068 522 1162 585 Scrib-²

199 596 299 647 inclusi
311 612 435 643 nurneros
448 591 504 654 illi,
521 592 575 643 liic.
593 591 698 640 Neutra
714 604 782 655 opus
796 595 852 652 est,
870 586 956 639 modo
971 602 1005 639 ex
1016 604 1080 642 voc.
1098 592 1162 643 litor

199 662 236 713 ad
252 660 478 711 enunciationem
495 679 620 711 numeros
633 661 680 710 ille
695 656 868 709 contrarium
883 659 1004 709 inclusus
1015 656 1061 707 tel
1074 656 1163 709 siutilt

200 730 267 799 quid
284 730 438 798 intelligas,
456 734 488 777 ut
505 726 541 777 sit
560 727 645 778 metri
660 726 724 796 lege
745 733 913 780 coarctatus.
930 725 993 781 vid.
1010 726 1100 779 Tacit.
1116 726 1163 779 lli·

199 808 265 851 ttor.
290 798 339 849 lib.
355 799 378 851 Ι.
404 815 428 848 c.
442 798 484 849 8·:
504 798 614 848 Cluniae
626 798 735 865 Rufus,
753 799 797 847 uir
810 794 954 863 facundus
966 810 994 847 et
1002 799 1084 865 pacis
1097 800 1163 849 arti·

199 870 248 923 bus
267 868 324 933 (sc.
343 864 502 934 expertus),
519 866 596 917 bellis
617 869 782 935 inerpertus.
802 864 901 913 lustin.
920 862 969 915 lib.
989 864 1076 915 XIII.
1094 882 1120 921 c.
1138 868 1160 919 1·

199 957 253 991 nun
269 951 298 987 ut
315 940 398 988 civem
418 949 445 987 et
462 948 558 985 mutue
572 936 724 985 maiestatis
744 954 833 1003 regem
853 933 915 999 (sc.
935 932 963 983 lu
986 933 1097 999 ebant),
1116 935 1161 987 sed

200 1021 230 1057 ut
242 1007 345 1058 hostem
360 1009 488 1058 ainz'ssuiu
500 1005 668 1074 gaudebant.
688 1000 730 1054 Cf.
748 1000 864 1053 Suebod.
882 948 1000 1055 misceil.
1018 1004 1042 1068 1,
1060 1002 1086 1063 3,
1103 1006 1161 1055 Hos

199 1073 263 1125 loco
277 1074 449 1125 contrarium
463 1090 490 1126 v.
507 1072 575 1123 liber
584 1087 616 1122 eo
630 1069 740 1121 facilius
752 1071 885 1121 omissum
899 1078 955 1134 est,
974 1070 1052 1139 quod
1064 1072 1161 1125 inclusi
1200 1058 1203 1130 1

199 1142 323 1193 ciusdem
343 1141 480 1202 notionis,
500 1156 571 1259 quae
590 1138 744 1208 supplenda
761 1144 812 1206 est,
829 1138 982 1207 praecedit.
1018 1144 1160 1195 Scribimus
1200 1143 1203 1198 t

199 1215 314 1275 inclusi,
332 1229 370 1265 sc.
390 1211 419 1260 iu
439 1209 582 1277 concavi,
601 1227 619 1261 a
637 1209 755 1276 strepitu
773 1218 800 1259 et
821 1208 903 1259 turba
925 1210 1046 1275 remoti,
1063 1208 1161 1263 nerlii

199 1280 280 1331 uobis
294 1278 494 1347 impedimento
509 1278 580 1345 sint,
599 1279 618 1329 i.
637 1294 660 1329 e.
679 1277 818 1329 acerrimo
832 1277 935 1329 studio.

268 1350 314 1400 Vs.
332 1349 451 1401 17-18.
479 1351 616 1419 legens-
629 1349 799 1401 collueris-
817 1346 949 1399 Omnium
965 1346 1048 1402 codd.
1064 1348 1160 1402 lectio·
1199 1353 1202 1402 i

201 1434 269 1469 nem
279 1420 371 1487 legens
385 1416 577 1483 Casauhonus,
596 1416 718 1483 Ileizius,
737 1416 928 1483 Achaintrius,
948 1416 1085 1486 OreIIIus,
1103 1417 1160 1469 alii·

201 1502 272 1565 que,
289 1495 441 1553 praeeunte
452 1486 581 1551 l’ithoeo,
599 1487 627 1538 in
647 1489 720 1559 legas
738 1495 898 1551 mutarunt,
917 1494 945 1539 et
965 1502 1006 1538 vs.
1025 1486 1158 1557 sequenti,

199 1554 280 1605 libris
291 1572 348 1605 non
361 1555 587 1619 adversantibus,
605 1559 732 1609 colluerir
742 1556 919 1624 scripserunt.
953 1556 1097 1609 Passovius
1114 1556 1159 1609 ha·

199 1624 249 1676 bet
262 1626 392 1694 legens-
401 1628 525 1679 calluerit
538 1643 603 1676 cum
627 1625 754 1692 plurimis
769 1625 861 1688 libris,
879 1634 1020 1676 commate
1035 1636 1101 1693 post
1114 1645 1161 1679 au·

199 1694 271 1747 helec
285 1694 386 1762 posito.
422 1695 503 1755 Quod
522 1711 573 1764 ego
590 1694 668 1760 dedi,
687 1710 819 1746 excusum
834 1693 891 1745 iam
910 1694 1052 1745 invenitur
1064 1696 1095 1747 in
1107 1694 1160 1747 edi-

199 1762 276 1813 tione
292 1761 417 1813 Federici
430 1764 523 1815 Ceruti
541 1772 570 1814 et
585 1763 743 1818 Sclirevelii.
769 1763 820 1815 llle
834 1762 865 1815 iu
879 1763 1040 1832 paraphrasi
1063 1766 1159 1818 verho-

200 1846 267 1883 1uin
279 1832 444 1883 sententiam
458 1834 498 1884 sio
511 1834 637 1900 exponit:
654 1835 671 1864 “
681 1832 802 1899 Scilicet,
822 1850 907 1902 quum
922 1840 1004 1900 poeta
1018 1833 1159 1903 eleganter

201 1915 296 1969 pexus,
314 1910 444 1972 vesteque
463 1902 582 1955 candida
602 1911 630 1955 et
649 1918 722 1955 nova
736 1900 865 1967 indutus,
883 1910 911 1953 et
925 1900 1046 1967 annulo,
1066 1904 1159 1955 sardo·

199 1968 291 2035 nyche
314 1982 461 2037 exornato,
504 1972 676 2043 lasmateque
698 1988 777 2038 usus,
803 1989 859 2041 quo
882 1986 982 2024 vocem
1001 1970 1159 2024 molliorem

199 2039 412 2107 suavioremque
423 2040 475 2091 red
495 2049 531 2104 at,
549 2059 602 2094 nec
615 2059 672 2095 non
682 2041 831 2098 libidinoso
842 2040 989 2093 oculorum
1001 2048 1084 2092 motu
1096 2038 1159 2093 sori·

201 2114 251 2227 ssta
261 2123 310 2157 suo
320 2108 424 2174 populo
436 2109 466 2159 in
480 2109 555 2161 celsa
567 2111 632 2161 sede
645 2108 810 2161 constitutus
821 2109 987 2175 recitaverit,
1005 2116 1075 2162 tuno
1087 2110 1160 2161 vide·

223 2174 260 2239 is,
278 2175 344 2226 istos
356 2176 451 2239 Titos,
468 2177 543 2227 viros
560 2176 714 2245 principes,
732 2178 880 2231 libidinose
892 2178 1016 2247 moveri,
1034 2196 1093 2231 non
1110 2178 1160 2231 ho·
1198 2191 1201 2248 j

199 2251 296 2306 nesto,
320 2242 511 2311 laudabilique
527 2261 616 2307 more,
634 2246 683 2297 sed
693 2247 843 2316 impudicis·
853 2249 989 2318 gestibus,
1007 2264 1101 2317 neque
1114 2264 1160 2301 vo·
1198 2249 1200 2282 Ι

202 2327 235 2363 oe
248 2311 331 2377 clara,
339 2311 387 2361 sed
399 2312 560 2364 effeminata
574 2323 602 2365 et
613 2315 746 2369 tremula:
766 2317 992 2387 quandoquidem
1002 2318 1159 2369 carminum
1198 2306 1200 2352 1

201 2397 236 2459 ea
248 2381 288 2431 vis
303 2388 356 2443 est,
368 2388 406 2459 'ut
425 2380 606 2461 libidinosum
625 2384 765 2455 quendam
779 2386 916 2441 nefandae
934 2386 1086 2457 voluptatis
1095 2402 1159 2457 pru·
1198 2409 1200 2419 ·

200 2457 287 2501 ritum
300 2459 407 2516 possint
423 2456 571 2506 excitare.”

270 2521 315 2572 Vs.
324 2518 367 2573 24.
388 2522 459 2588 Quid
474 2524 642 2576 didicisse—
652 2524 697 2577 Sic
711 2541 807 2578 omnes
821 2526 882 2577 fere
898 2524 1020 2577 codices.
1046 2531 1105 2605 Quo
1119 2532 1159 2577 te-

200 2594 277 2651 nent,
295 2588 344 2657 qni
357 2604 536 2640 communem
551 2590 662 2645 dicendi
671 2612 753 2647 usum
766 2604 927 2663 sequuntur.
942 2593 1004 2649 vid.
1018 2596 1112 2647 llems.
1124 2592 1159 2645 ad

201 2651 278 2708 Ouid.
290 2658 373 2725 Epist.
391 2660 429 2722 11,
441 2658 481 2713 63.
501 2660 585 2727 Epist.
604 2664 723 2728 lv‚157.
743 2664 831 2718 Bentl.
848 2664 885 2715 ad
899 2668 993 2718 llorat.
1009 2663 1097 2732 Epist.
1110 2663 1157 2717 lilt-

199 2728 222 2789 1,
234 2726 268 2785 V,
284 2728 324 2779 12.
360 2730 456 2795 Neque
470 2728 572 2780 alinde
588 2748 670 2782 causa
686 2738 751 2805 quid
767 2734 797 2783 in
818 2733 872 2784 hac
890 2733 1013 2785 dictione
1030 2750 1158 2784 nonnun-

202 2810 286 2863 quam
300 2794 420 2846 inlibris
433 2796 462 2846 in
475 2818 527 2868 quo
541 2808 681 2851 mutatum
701 2802 819 2857 videtur.
855 2802 1009 2853 Infinitivus
1031 2806 1160 2857 didicisse

199 2862 369 2932 indignantis
385 2874 434 2930 est,
453 2882 537 2933 quem
550 2884 567 2917 n
581 2884 726 2936 suppresso
740 2876 816 2925 iuuat
830 2871 952 2938 pendero
965 2870 1077 2923 dicunt:
1104 2886 1157 2941 quo

199 2932 285 2983 modo
299 2932 328 2983 in
343 2938 408 3005 quid
427 2950 509 2985 nemo
533 2938 664 2991 offendet.
683 2940 724 2993 cf.
743 2940 899 2991 ltlaximian.
918 2939 993 3009 Eleg.
1011 2944 1032 3005 l,
1054 2941 1114 2994 181.
1130 2940 1157 2991 in

199 3000 373 3053 Wernsrlorf.
394 3005 421 3054 Ρ.
441 3004 470 3055 L.
485 3012 504 3053 t.
518 3006 542 3057 6.
562 3022 588 3071 p.
602 3007 672 3060 Soa:
691 3009 764 3071 Quid
778 3008 848 3060 mihi
865 3009 984 3075 divitiae,
1004 3006 1158 3077 quarumsi

201 3067 351 3135 dempseris
361 3087 456 3135 nsum,
476 3074 607 3137 Quamvis
620 3074 715 3146 largus
730 3094 832 3146 opum,
851 3094 962 3146 semper
975 3094 1079 3147 egenus
1091 3076 1157 3131 eroi

270 3137 318 3194 Vs.
335 3137 377 3191 35.
396 3139 512 3193 Orelliur
530 3150 594 3209 post
608 3148 702 3212 palato
721 3162 835 3199 comma
853 3150 948 3216 ponit,
996 3147 1054 3199 nasi
1074 3147 1158 3199 verba
1192 3127 1199 3227 1

201 3225 337 3285 assensere
348 3210 406 3259 uiri
415 3208 550 3275 apodosin
561 3210 697 3278 efficiant,
714 3215 791 3285 quod
803 3216 844 3269 sic
858 3226 966 3268 tantum
976 3164 1043 3268 ieri
1056 3224 1157 3285 potest,

201 3279 269 3332 utri
280 3290 310 3329 iu
322 3275 429 3347 pronai
440 3278 574 3372 ominum
586 3280 705 3345 Ilium.
718 3283 781 3344 viu
792 3284 947 3343 cuntur.
959 3286 1157 3339 commentatt.
