2454 4110
57 312 112 383 =52
361 298 732 370 anuo-rariores.

68 460 150 515 malis
165 458 271 512 artibus
283 466 489 526 corrumpatur.
514 456 605 512 Vertit
617 455 779 527 germanice
796 454 847 511 der
860 458 1025 530 Gerechtig·

68 530 128 583 keit
143 528 204 581 eine
214 531 285 581 Nase
300 528 434 580 drehen.”
445 526 593 579 Enimvero
599 527 685 578 Persii
701 528 875 595 temporibus
888 528 933 580 ius
950 529 980 580 in
994 544 1025 580 eo

67 598 217 663 tribunali,
236 615 324 668 quum
343 597 436 666 plures
455 595 588 649 basilicae
610 602 638 647 et
660 595 743 664 plura
762 596 826 648 fora
842 612 877 649 ea
891 596 928 649 de
946 613 1027 650 causa
1052 638 1055 643 .

14 676 17 680 '
67 668 145 720 facta
159 676 259 737 essent,
272 684 329 719 non
343 665 462 734 amplius
478 664 635 733 dicebatur,
652 674 707 732 aut,
721 666 744 716 si
758 665 789 717 id
801 666 836 718 de
846 665 1026 735 imperatori·

68 737 120 789 bus
132 745 277 803 narratur,
295 753 361 788 raro
374 743 486 787 tantum
507 734 603 786 fiebat.
636 735 760 787 Potestas
778 735 856 786 istius
879 734 1026 788 tribunalis

68 805 99 857 in
117 804 226 885 priscae
241 804 414 873 reipublicae
434 792 733 873 tempora'ahleganda
747 811 798 857 est.
822 803 884 856 Vid.
903 802 1025 857 Samuel.

68 874 169 927 Petraei
188 873 268 928 lexic.
288 876 368 927 Hom.
386 871 526 940 antiquitt.
543 879 565 924 t.
584 875 626 924 lll.
645 889 708 942 pag.
725 875 786 928 220.
822 870 904 936 Quod
914 872 1025 943 insuper

68 942 117 995 ille
133 942 189 994 alio
205 941 270 994 loco
285 940 383 1005 addit,
403 939 438 991 de
452 938 569 991 avaritia
583 939 641 991 iam
659 958 696 992 vs.
714 940 758 995 47.
776 956 939 995 sermonem
959 956 1023 1009 esse,

68 1028 127 1063 non
138 1010 264 1079 impedit,
279 1008 427 1079 quominus
443 1008 533 1063 va49.
553 1007 610 1061 eius
626 1009 797 1062 exercendae
808 1009 936 1079 modurn,
949 1026 1024 1064 eum·
1055 1052 1058 1059 .

70 1094 135 1150 que,
158 1079 207 1149 qui
221 1093 423 1148 saepenumero
441 1094 458 1129 a
473 1078 604 1130 Romanis
618 1079 800 1148 scriptoribus
819 1080 1023 1151 perstringitur,

69 1156 232 1200 statuamus.
267 1150 369 1201 Puteal
381 1146 517 1199 nimirum
537 1147 730 1200 feneratorum
748 1149 827 1200 sedes
849 1157 901 1203 est.
919 1151 957 1202 Pa
974 1149 1022 1201 ias:

70 1216 187 1269 “Puteal
199 1217 278 1269 locus
292 1216 322 1267 in
333 1217 414 1281 foro,
433 1215 483 1268 ubi
495 1216 670 1269 feneratores
684 1218 789 1269 dabant
802 1226 832 1270 et
851 1217 959 1287 accipie
1012 1225 1024 1269 t
1048 1260 1051 1265 .

68 1285 254 1405 pecuniam.”
289 1285 321 1337 ld
341 1301 454 1355 quoque
474 1286 646 1355 comprobat¹
663 1302 811 1338 consensus
832 1294 859 1338 et
874 1287 1022 1359 auctoritas

82 1370 208 1420 ocorum,
230 1363 262 1405 ut
274 1353 351 1406 Ouid.
371 1354 405 1405 de
419 1353 525 1406 remed.
542 1359 637 1407 Amor.
654 1357 714 1414 561.
733 1360 786 1422 Qui
803 1357 904 1408 Puteal
920 1360 1023 1410 Ianuar·

70 1443 120 1495 que
133 1428 211 1477 timet
224 1426 320 1476 celeres
339 1444 371 1475 ue
385 1425 535 1475 Kalendas.
549 1423 604 1477 Cic.
618 1439 671 1490 pro
684 1424 776 1474 Sextio
786 1425 812 1477 8.
816 1426 929 1496 puteali
942 1440 970 1478 ct
976 1424 1023 1498 fe·

69 1507 225 1545 neratorum
237 1443 367 1561 gregtiua
377 1492 474 1542 illatus
489 1505 572 1562 atque
581 1493 732 1563 perculsus.
759 1493 855 1544 Horat.
875 1494 924 1561 Ep.
941 1496 963 1559 l,
985 1494 1023 1555 19,

70 1566 96 1616 8.
116 1564 212 1611 Forum
222 1560 320 1628 puteal
337 1578 370 1611 ue
383 1559 496 1611 Libonis
512 1561 647 1613 mandabo
661 1565 749 1613 siccis.
771 1560 813 1611 cf.
832 1561 979 1615 Heindorf.
990 1558 1023 1613 ad

68 1628 166 1680 Horat.
184 1630 240 1678 Sat.
252 1629 287 1693 ll,
324 1665 332 1692 ,
352 1627 396 1687 35.
413 1625 604 1694 Maximopera
624 1626 719 1696 itaque
732 1628 838 1696 placet,
858 1630 936 1698 quod
950 1628 1023 1683 Orel-
1044 1684 1049 1693 ,

68 1694 123 1746 lius
136 1696 165 1746 in
181 1694 256 1746 huuc
270 1694 367 1746 locum
381 1702 586 1746 commentatus
599 1703 648 1746 est.
682 1696 793 1760 Fenori,
812 1696 913 1766 inquit,
928 1696 1024 1751 subni-

68 1763 123 1815 tuit
134 1763 246 1828 Puteal,
261 1761 311 1814 ubi
329 1761 401 1813 illud
423 1762 621 1824 exercebatur;
645 1764 731 1814 verbo
751 1785 891 1831 exercere,
921 1768 1024 1839 agitare

69 1848 256 1900 synonymum
270 1831 340 1894 fere,
353 1830 395 1882 uti
406 1829 490 1881 simili
502 1829 595 1900 ligura
605 1831 647 1881 usi
655 1834 803 1902 flagellare
812 1853 960 1901 annonam,
968 1852 1025 1909 opes
1049 1852 1052 1857 ·

70 1901 200 1952 dixerunt
214 1899 317 1952 Plinius
329 1899 378 1955 tib.
390 1898 434 1964 33,
447 1900 489 1954 57.
501 1907 529 1949 et
540 1899 658 1951 Martial.
676 1908 701 1960 a,
720 1900 763 1966 50,
782 1908 808 1960 4.
827 1901 858 1951 tn
875 1919 933 1970 qua
947 1904 1024 1957 dent

69 1986 124 2039 que
140 1968 305 2038 metaphora
326 1968 476 2037 persistens
495 1969 583 2021 multa
601 1970 689 2021 vibice
710 1968 837 2020 adiunxit
855 1986 908 2036 pro
925 1977 1024 2046 inique,

69 2041 182 2104 acerbe,
196 2042 302 2094 duriter
316 2039 414 2107 sonori
433 2056 542 2109 operam
564 2040 638 2091 dare.
667 2037 976 2106 Necpraetereundum
986 2036 1048 2093 est*

68 2108 207 2161 vocabulo
222 2120 319 2161 cautus
340 2105 427 2158 alludi
447 2105 484 2157 ad
503 2105 657 2158 formulam
675 2105 741 2156 iuris
761 2127 856 2160 cavere
871 2115 1024 2180 pecuniam,

70 2175 105 2228 de
119 2193 174 2246 qua
185 2176 241 2229 vid.
259 2174 346 2228 Bentl.
364 2175 400 2225 ad
412 2177 510 2227 Horat.
526 2170 575 2242 Ep.
593 2178 627 2239 ll,
647 2184 670 2241 1,
690 2174 749 2228 105.

110 2238 115 2253 ¹
138 2246 184 2296 Vs.
202 2243 245 2298 52.
265 2243 336 2294 Citat
348 2241 424 2293 hunc
439 2257 552 2294 versum
561 2245 658 2294 Petrus
674 2242 808 2295 Blesensis
819 2242 898 2312 epist.
919 2246 979 2299 107.
993 2246 1025 2297 tr

69 2318 101 2362 ut
112 2310 143 2361 in
154 2312 241 2361 verbo
253 2312 355 2361 Poetae
369 2309 486 2377 epistola
499 2309 647 2362 claudatur
663 2326 752 2367 tecum
768 2315 865 2367 habita
872 2352 880 2382 ,
904 2327 933 2368 et
942 2318 1024 2385 noris,

69 2399 152 2452 quam
164 2382 202 2433 stt
214 2380 266 2433 titt
279 2392 359 2432 curta
374 2379 504 2449 supellex.
569 2412 578 2428 ·
858 2388 861 2393 '

384 2528 623 2595 sar'raa
668 2531 712 2595 V.

137 2650 183 2702 Vs.
201 2647 228 2703 4.
249 2649 368 2704 Vulnera
382 2666 429 2700 seu
443 2649 589 2702 Parthi-
607 2646 626 2701 i.
646 2664 670 2701 e.
688 2636 780 2715 bella,
792 2647 828 2701 in
847 2649 948 2720 quibus
962 2651 1024 2705 vul-

68 2733 138 2770 nera
157 2718 264 2771 Parthis
287 2716 461 2788 infliguntur.
495 2715 692 2771 Additamento
718 2721 843 2772 ducentis
862 2722 896 2774 ab
914 2725 1025 2793 inguine
1065 2736 1069 2817 1

61 2788 170 2858 ferrum
184 2787 357 2857 significatur
377 2784 534 2854 sagittarius
549 2802 569 2839 s.
588 2785 740 2856 sagittandi
760 2788 882 2855 peritus,
901 2793 951 2859 qui
970 2790 1026 2845 tela

68 2857 237 2977 {pharetra
261 2856 368 2925 promit
390 2854 426 2906 ab
453 2853 573 2908 humero
594 2872 683 2926 usque
711 2854 747 2907 ad
763 2857 896 2925 pudenda
922 2858 1025 2929 depen·
1067 2852 1069 2873 ²

89 2933 162 2977 ente.

135 2998 182 3049 Vs.
204 2995 231 3048 9.
249 2994 350 3047 insulso
365 2992 525 3061 Glyconi-
539 2990 721 3058 Scholiastes,
740 2991 819 3045 cuius
837 3002 923 3048 uotae
936 2994 964 3048 in
980 3012 1027 3051 co·

69 3059 130 3112 dice
143 3061 266 3113 Parisino
286 3061 405 3130 scriptae
424 3060 617 3124 inveniuntur,
636 3061 831 3114 animadvertit
844 3063 880 3115 ad
893 3064 970 3118 hunc
981 3065 1025 3119 lo-

68 3145 149 3180 cum:
173 3130 251 3182 “Hic
274 3130 374 3182 Glicou
391 3130 540 3199 tragoedus
560 3129 615 3180 fuit
634 3130 762 3182 Neronis'
771 3133 960 3201 temporibus,
979 3134 1025 3205 qui

67 3213 149 3264 saepe
166 3212 281 3250 scenam
294 3198 433 3267 Thyestae
446 3197 502 3250 suis
519 3198 660 3251 inserebat
674 3199 852 3270 tragoediis.”
887 3203 961 3256 Hinc
980 3209 1025 3259 in·

66 3268 143 3320 salso
159 3265 355 3333 explicandum
372 3275 420 3320 est.
463 3296 467 3305 =
815 3272 827 3283 ³

136 3335 169 3386 V.
190 3333 231 3389 14.
253 3339 341 3389 Verba
360 3353 443 3407 togae
463 3339 630 3408 sequeris-
643 3338 703 3390 Hoc
723 3345 779 3405 est,
798 3345 830 3390 ut
851 3337 1027 3395 Britannicus

68 3403 201 3473 explicat,
218 3419 276 3456 nou
296 3405 387 3476 bella,
411 3421 469 3459 noa
486 3403 646 3477 tragoedias
666 3407 781 3477 scribis,
804 3407 854 3461 sed
874 3411 1025 3465 materiam
