2454 4110
353 271 728 335 ANNOTATIONEu
927 267 928 270 ’
977 279 1021 344 37

60 421 152 475 cussit
182 420 284 474 ondeta
297 439 411 476 massae.
448 419 502 473 Sed
513 418 627 491 vuig'ata
636 423 750 494 pulvere
760 422 819 477 iam
833 422 1017 479 aForcellino

58 496 141 541 recte
173 489 344 542 emetollioa
362 488 457 542 farina
474 489 655 561 intelligitur,
674 500 702 543 et
723 494 881 545 accuratius
898 494 1018 564 explica·

58 564 110 608 tur
131 575 148 609 a
164 556 225 610 viro
242 558 326 610 docto
344 559 372 610 in
394 559 508 626 Ephem.
525 559 581 610 litt.
603 559 784 631 Heidelberg.
802 561 881 630 1814,
898 580 926 631 p-
944 573 1018 633 482«,

59 625 111 695 qui
124 625 204 679 Plinii
222 628 310 681 verba
327 630 460 695 XXXIII,
477 626 502 683 4.
523 628 621 688 affert:
647 632 724 697 Quod
740 632 865 701 ejjbtsm
881 646 936 694 est,
947 633 1018 702 furs-

58 698 147 761 ditur,
164 697 283 762 lovatur,
302 700 399 763 uritur,
416 699 526 751 molitur
540 702 568 750 in
575 698 712 768 farinam.
748 702 786 750 Ut
798 697 845 751 hic
857 700 964 769 furino,
976 701 1017 755 sic'

58 762 161 815 eadem
180 764 383 834 significatione
401 766 487 817 etiam
505 768 596 838 pulvis
613 765 755 819 invenitur
768 767 843 839 apud
859 767 928 820 Plin.
946 784 970 818 c.
989 770 1015 837 5,

55 830 110 884 lib.
124 834 258 886 XXXIII:
279 837 376 889 Puluis
388 855 491 907 semper
504 840 534 889 in
559 839 665 889 cotr'rtos
676 839 828 908 digeritur,
848 851 876 890 et
891 857 924 889 ex
938 851 1016 911 aceto

56 916 224 970 maceratur,
238 919 268 957 ut
281 907 368 957 omnis
382 907 488 959 duritia
497 906 636 959 solvatur:
654 926 689 960 oc
699 926 795 962 rursus
808 908 942 973 tunditur,
954 906 1016 959 dein

57 970 171 1024 lavatur
186 976 216 1024 in
227 975 351 1040 conchis,
368 977 548 1044 siccaturque.

128 1040 173 1092 Vs.
185 1041 228 1095 69.
244 1045 280 1093 In
292 1060 410 1094 sacro-
418 1043 493 1092 Haec
507 1043 591 1094 Persii
602 1043 688 1095 verba
698 1043 849 1113 respiciens
861 1042 955 1095 dicere
969 1058 1015 1094 so·

54 1106 136 1163 lebet
150 1107 305 1161 Alexander
319 1113 448 1160 Severus:
466 1114 495 1162 in
507 1116 611 1164 sanctis
624 1116 691 1183 quid
697 1114 776 1182 facit
787 1112 901 1167 aurum?
920 1112 1014 1164 Plures

54 1176 124 1229 libri
138 1193 202 1228 mss.
221 1186 249 1229 et
260 1186 368 1229 veteres
381 1177 515 1230 editiones
528 1183 557 1231 in
569 1196 663 1233 sancto
676 1179 790 1245 hahent,
806 1180 883 1250 quod
896 1179 965 1233 item
981 1196 1014 1233 ex

54 1244 169 1299 serioris
183 1247 244 1298 aevi
255 1245 393 1298 latinitate
408 1255 502 1298 ortum
513 1247 631 1301 videtur.
653 1250 809 1318 deceptum
820 1254 850 1302 in
865 1269 944 1301 sacro
965 1264 1014 1301 co·
1032 1293 1041 1309 ,

55 1313 167 1367 dinibus
186 1323 215 1366 et
233 1315 402 1368 editionibus
419 1314 563 1381 firmatur,
591 1325 628 1383 et,
650 1316 725 1385 quod
746 1316 938 1388 gravissimum
961 1324 1012 1393 est,

54 1382 167 1455 vulgari
185 1383 297 1448 dicendi
314 1384 432 1438 ratione.
464 1384 526 1440 vid.
549 1387 628 1455 Casp.
651 1386 746 1443 Barth.
770 1385 807 1439 ad
827 1385 906 1438 Statii
944 1385 1012 1455 ‚hen

55 1450 447 1521 mumuusst

124 1522 171 1589 Vs,
184 1523 227 1575 74.
238 1526 371 1577 incoctum
382 1542 511 1594 generoso
520 1538 619 1594 pectus
630 1526 862 1579 honesto-Bene
875 1522 1012 1592 sehabet,

35 1604 148 1661 'neque
161 1591 327 1644 mutandum
340 1601 401 1644 erut
417 1609 434 1643 a
447 1591 575 1644 Passovio
589 1591 619 1644 in
637 1614 799 1666 generosum
814 1608 913 1675 pectus
924 1597 1012 1647 Itone-

54 1672 109 1713 sto.
125 1660 197 1712 Nam
216 1660 267 1712 etsi
278 1660 438 1714 Lactantius
449 1663 475 1730 6,
491 1670 517 1722 2.
530 1661 616 1714 Persii
630 1662 716 1715 verbs
729 1661 880 1730 respiciens
892 1675 1011 1733 pectore,

111 1730 266 1784 dnuturali
279 1735 317 1784 sit
330 1735 471 1799 honestate
482 1750 642 1804 generosum
660 1731 746 1796 dedit,
760 1747 794 1783 ex
807 1730 896 1782 altero
915 1737 1011 1782 tamen

10 1816 13 1839 τ
52 1812 121 1858 ,oco
131 1796 213 1865 litu,
225 1796 262 1864 4.,
275 1798 325 1851 ubi
337 1799 413 1851 idem
426 1799 462 1851 ad
476 1800 576 1852 eadem
588 1798 775 1870 satirographi
784 1799 871 1851 verbu
880 1800 1011 1867 recurrit,

52 1865 237 1918 'uronifestum
250 1866 300 1935 r'it,
318 1866 504 1921 mutationem
522 1868 602 1919 illam
615 1867 735 1919 liberam
751 1882 824 1928 essa,
845 1867 1012 1937 factamque

11 1952 25 1994 ,·
52 1948 88 2003 ex
104 1934 162 1987 eius
175 1935 301 1988 arbitrio.
334 1939 447 2004 Neque,
510 1936 547 1987 od
563 1935 658 1986 Orellii
675 1935 839 2002 eclogarum
855 1950 955 1985 censor
968 1938 1011 1986 Ie-

49 2003 146 2061 uensis
166 2000 342 2053 doctissimus
359 2002 444 2065 fecit,
488 2017 591 2052 uorum
610 2000 813 2049 adiectivorum
838 2000 1011 2068 coniunctio,

10 2112 20 2127 ,.
50 2085 178 2141 quorum
194 2068 317 2119 alterum
327 2066 490 2119 substantivi
501 2066 593 2118 vicem
608 2063 734 2131 sustinet,
743 2064 895 2134 vituperari
908 2075 1011 2134 potest,

50 2136 121 2209 quia
133 2136 189 2188 alie
199 2135 281 2187 huius
294 2132 359 2187 usus
374 2134 500 2204 exempla
520 2132 713 2200 inveniuntur,
731 2142 760 2185 et
769 2137 908 2188 honestum
921 2134 1011 2204 inpri-

50 2207 107 2261 mis
125 2204 319 2275 frequentibus
337 2204 569 2273 philosophorum
592 2201 826 2271 disputationibus
845 2203 1012 2257 substantivi

50 2284 185 2329 naturam
201 2272 301 2325 induit.
327 2272 388 2328 Vid.
412 2273 500 2328 Tacit.
519 2276 589 2328 Ann.
606 2270 658 2325 lib.
672 2274 719 2326 111.
746 2288 771 2325 c.
785 2273 841 2328 to:
868 2277 1010 2348 egregium
1066 2310 1073 2321 ·

10 2358 14 2365 “
50 2346 204 2408 honestum,
218 2342 314 2412 ibique
328 2341 463 2412 lipsium.
676 2377 679 2383 ·

121 2414 169 2468 Vs.
183 2412 225 2468 75.
251 2415 408 2466 admoveam
420 2413 527 2484 templis
539 2439 575 2450 -
598 2409 678 2462 Solus
698 2407 788 2461 ovidii
803 2408 883 2462 Iocus
895 2410 1009 2469 Metam.

51 2482 111 2549 vn,
119 2480 180 2537 594.
193 2484 316 2535 admotos
328 2484 435 2553 templr's
447 2481 720 2549 taurosWaguerum
732 2476 876 2529 deterrere
887 2487 1008 2548 poterat,

92 2550 202 2603 ominus
221 2566 253 2601 ex
271 2551 374 2602 Catone
394 2549 429 2601 de
448 2566 472 2605 r.
489 2565 512 2619 r,
531 2566 555 2603 c.
574 2548 634 2608 134.
657 2545 832 2599 rarissimum
854 2548 1009 2603 obmoveam'

48 2612 51 2617 ’
72 2618 145 2673 ersio
160 2617 332 2671 obtruderet.
367 2617 498 2670 Conferas
509 2625 657 2687 praeterea
673 2614 762 2669 Tacit.
777 2618 847 2671 Ann.
863 2614 913 2669 lib.
930 2620 963 2670 tt.
982 2632 1007 2673 c.

50 2690 95 2747 Θ.
113 2692 238 2743 aductus
251 2686 328 2754 (aris)
340 2690 456 2743 hostias.
472 2690 563 2743 Amm.
581 2683 735 2737 Marcellin.
752 2681 804 2734 lit.
818 2682 918 2736 XXIV.
937 2701 961 2736 o·
980 2686 1007 2740 6.

51 2760 176 2815 admotos
193 2760 250 2809 oris
263 2770 364 2810 tauros.
374 2759 486 2809 Sueton.
498 2752 582 2823 Galig.
592 2770 617 2807 c.
628 2753 672 2809 32.
689 2755 801 2806 admota
813 2752 949 2805 altoribus
959 2755 1007 2805 ui·

50 2820 144 2883 etima.
179 2823 272 2877 Livius
299 2824 348 2878 lib.
372 2827 409 2877 X.
433 2841 457 2877 c.
481 2822 525 2877 88.
552 2823 744 2879 admovebatur
767 2821 901 2873 altoribus
921 2822 1008 2888 miles,

118 2898 143 2947 is
154 2909 186 2948 ut
198 2894 318 2951 victime.
353 2893 435 2945 Plura
446 2890 568 2945 invenies
584 2889 660 2960 apud
669 2887 837 2942 Brissonium
850 2888 885 2941 de
897 2887 1008 2940 formu·

48 2962 85 3017 lis
111 2962 117 2976 ¹
140 3000 148 3015 .
164 2965 186 3016 t.
204 2979 232 3087 p.
249 2961 291 3017 14.
315 2961 448 3031 Pitiscum
461 2961 498 3015 ad
513 2964 588 3015 suet.
611 2959 632 3013 1.
648 2957 670 3013 1.
686 2956 810 3030 Lipsium
826 2964 855 3010 et
868 2955 1007 3027 Ryckiuur

49 3030 88 3087 ad
100 3030 189 3087 Tacit.
241 3029 261 3086 l.

244 3230 248 3253 .
352 3182 754 3252 sumasfflf

21 3314 29 3327 ¹
57 3364 60 3371 ,
120 3304 167 3361 Vs.
180 3308 206 3362 9.
222 3304 728 3360 finditurArcodioe-dicos.-Haec
754 3297 1006 3418 enuinuscrifitura

49 3384 110 3439 att:
132 3374 221 3428 attera
232 3377 343 3444 Findor,
356 3387 387 3444 ut
399 3389 432 3427 ex
444 3372 611 3444 compendio
624 3370 735 3424 scribon
776 3368 850 3422 male
861 3375 919 3421 inte
942 3372 1003 3417 ecto

93 3466 216 3507 suntme.
770 3446 798 3498 D
