<?xml version="1.0" encoding="UTF-8"?>
<!DOCTYPE html PUBLIC "-//W3C//DTD XHTML 1.0 Transitional//EN"
    "http://www.w3.org/TR/xhtml1/DTD/xhtml1-transitional.dtd">
<html xmlns="http://www.w3.org/1999/xhtml" xml:lang="en" lang="en">
 <head>
  <title>
</title>
<meta http-equiv="Content-Type" content="text/html;charset=utf-8" />
  <meta name='ocr-system' content='tesseract 3.04.00' />
  <meta name='ocr-capabilities' content='ocr_page ocr_carea ocr_par ocr_line ocrx_word'/>
</head>
<body>
  <div class='ocr_page' id='page_1' title='image "./satiraesex00persgoog_0078.png"; bbox 0 0 2454 4110; ppageno 0'>
   <div class='ocr_carea' id='block_1_1' title="bbox 365 275 1025 344">
    <p class='ocr_par' dir='ltr' id='par_1_1' title="bbox 365 275 1025 344">
     <span class='ocr_line' id='line_1_1' title="bbox 365 275 1025 344; baseline 0.003 -12"><span class='ocrx_word' id='word_1_1' title='bbox 365 275 731 342; x_wconf 81' lang='lat' dir='ltr'><strong>ANNOTATIONES.</strong></span> <span class='ocrx_word' id='word_1_2' title='bbox 982 278 1025 344; x_wconf 86' lang='lat'><strong>49</strong></span> 
     </span>
    </p>
   </div>
   <div class='ocr_carea' id='block_1_2' title="bbox 63 419 1024 1523">
    <p class='ocr_par' dir='ltr' id='par_1_2' title="bbox 63 419 1024 889">
     <span class='ocr_line' id='line_1_2' title="bbox 68 419 1023 506; baseline 0.003 -29"><span class='ocrx_word' id='word_1_3' title='bbox 68 430 99 477; x_wconf 92' lang='lat' dir='ltr'><strong>et</strong></span> <span class='ocrx_word' id='word_1_4' title='bbox 108 421 175 489; x_wconf 73' lang='lat' dir='ltr'><strong>bene</strong></span> <span class='ocrx_word' id='word_1_5' title='bbox 184 421 333 478; x_wconf 75' lang='lat' dir='ltr'><em>discinctus</em></span> <span class='ocrx_word' id='word_1_6' title='bbox 344 419 363 474; x_wconf 93' lang='lat' dir='ltr'><strong>i.</strong></span> <span class='ocrx_word' id='word_1_7' title='bbox 375 437 400 477; x_wconf 87' lang='lat' dir='ltr'><strong>e.</strong></span> <span class='ocrx_word' id='word_1_8' title='bbox 413 422 495 476; x_wconf 82' lang='lat' dir='ltr'><strong>valde</strong></span> <span class='ocrx_word' id='word_1_9' title='bbox 506 422 665 491; x_wconf 84' lang='lat' dir='ltr'><strong>discinctus,</strong></span> <span class='ocrx_word' id='word_1_10' title='bbox 676 424 723 506; x_wconf 73' lang='lat' dir='ltr'><strong>spii</strong></span> <span class='ocrx_word' id='word_1_11' title='bbox 733 424 917 499; x_wconf 78' lang='lat' dir='ltr'><strong>negligenter,</strong></span> <span class='ocrx_word' id='word_1_12' title='bbox 926 425 1023 495; x_wconf 88' lang='lat' dir='ltr'><strong>otiose,</strong></span> 
     </span>
     <span class='ocr_line' id='line_1_3' title="bbox 67 491 1024 565; baseline 0.005 -20"><span class='ocrx_word' id='word_1_13' title='bbox 67 491 153 545; x_wconf 87' lang='lat' dir='ltr'><strong>tarde</strong></span> <span class='ocrx_word' id='word_1_14' title='bbox 167 491 281 544; x_wconf 86' lang='lat' dir='ltr'>incedit.</span> <span class='ocrx_word' id='word_1_15' title='bbox 318 493 420 543; x_wconf 84' lang='lat' dir='ltr'><strong>Censor</strong></span> <span class='ocrx_word' id='word_1_16' title='bbox 433 494 556 546; x_wconf 86' lang='lat' dir='ltr'><strong>Douneri</strong></span> <span class='ocrx_word' id='word_1_17' title='bbox 568 495 701 546; x_wconf 88' lang='lat' dir='ltr'><strong>versionis</strong></span> <span class='ocrx_word' id='word_1_18' title='bbox 712 511 802 565; x_wconf 85' lang='lat' dir='ltr'><strong>germ.</strong></span> <span class='ocrx_word' id='word_1_19' title='bbox 829 498 951 549; x_wconf 86' lang='lat' dir='ltr'><strong>lenensis</strong></span> <span class='ocrx_word' id='word_1_20' title='bbox 964 500 1024 551; x_wconf 86' lang='lat' dir='ltr'><strong>dis-</strong></span> 
     </span>
     <span class='ocr_line' id='line_1_4' title="bbox 67 560 1024 640; baseline 0.003 -24"><span class='ocrx_word' id='word_1_21' title='bbox 67 566 189 616; x_wconf 85' lang='lat' dir='ltr'><strong>cinctum</strong></span> <span class='ocrx_word' id='word_1_22' title='bbox 201 560 403 640; x_wconf 79' lang='lat' dir='ltr'><strong>interpretatur</strong></span> <span class='ocrx_word' id='word_1_23' title='bbox 417 579 534 614; x_wconf 83' lang='lat' dir='ltr'><strong>vernam</strong></span> <span class='ocrx_word' id='word_1_24' title='bbox 548 562 679 615; x_wconf 81' lang='lat' dir='ltr'><strong>celeriter</strong></span> <span class='ocrx_word' id='word_1_25' title='bbox 690 571 889 633; x_wconf 78' lang='lat' dir='ltr'><strong>transeuntem,</strong></span> <span class='ocrx_word' id='word_1_26' title='bbox 899 566 1024 635; x_wconf 84' lang='lat' dir='ltr'><strong>ideoque</strong></span> 
     </span>
     <span class='ocr_line' id='line_1_5' title="bbox 65 628 1024 704; baseline 0.005 -21"><span class='ocrx_word' id='word_1_27' title='bbox 65 628 247 701; x_wconf 79' lang='lat' dir='ltr'><strong>negligenter</strong></span> <span class='ocrx_word' id='word_1_28' title='bbox 258 639 383 681; x_wconf 90' lang='lat' dir='ltr'><strong>cinctum</strong></span> <span class='ocrx_word' id='word_1_29' title='bbox 391 666 399 695; x_wconf 92' lang='lat'><strong>,</strong></span> <span class='ocrx_word' id='word_1_30' title='bbox 418 648 491 700; x_wconf 87' lang='lat' dir='ltr'><strong>quae</strong></span> <span class='ocrx_word' id='word_1_31' title='bbox 505 640 599 684; x_wconf 86' lang='lat' dir='ltr'><strong>tamen</strong></span> <span class='ocrx_word' id='word_1_32' title='bbox 613 632 655 683; x_wconf 82' lang='lat' dir='ltr'><strong>vis</strong></span> <span class='ocrx_word' id='word_1_33' title='bbox 668 633 755 685; x_wconf 85' lang='lat' dir='ltr'><strong>verbo</strong></span> <span class='ocrx_word' id='word_1_34' title='bbox 769 650 826 684; x_wconf 92' lang='lat' dir='ltr'><strong>non</strong></span> <span class='ocrx_word' id='word_1_35' title='bbox 837 634 916 699; x_wconf 90' lang='lat' dir='ltr'><strong>inest,</strong></span> <span class='ocrx_word' id='word_1_36' title='bbox 936 651 1024 704; x_wconf 91' lang='lat' dir='ltr'><strong>quum</strong></span> 
     </span>
     <span class='ocr_line' id='line_1_6' title="bbox 63 699 1024 769; baseline 0.004 -18"><span class='ocrx_word' id='word_1_37' title='bbox 63 699 97 752; x_wconf 86' lang='lat' dir='ltr'><strong>id</strong></span> <span class='ocrx_word' id='word_1_38' title='bbox 114 707 272 767; x_wconf 89' lang='lat' dir='ltr'><strong>opponatur</strong></span> <span class='ocrx_word' id='word_1_39' title='bbox 284 717 311 751; x_wconf 88' lang='lat' dir='ltr'><strong>v.</strong></span> <span class='ocrx_word' id='word_1_40' title='bbox 328 704 480 754; x_wconf 84' lang='lat' dir='ltr'><strong>succinctus</strong></span> <span class='ocrx_word' id='word_1_41' title='bbox 502 701 520 751; x_wconf 90' lang='lat' dir='ltr'><strong>i.</strong></span> <span class='ocrx_word' id='word_1_42' title='bbox 538 717 561 752; x_wconf 92' lang='lat' dir='ltr'><strong>e.</strong></span> <span class='ocrx_word' id='word_1_43' title='bbox 577 709 713 767; x_wconf 89' lang='lat' dir='ltr'><strong>strenuus,</strong></span> <span class='ocrx_word' id='word_1_44' title='bbox 724 700 886 769; x_wconf 90' lang='lat' dir='ltr'><strong>industrius,</strong></span> <span class='ocrx_word' id='word_1_45' title='bbox 904 702 970 754; x_wconf 85' lang='lat' dir='ltr'><strong>ado</strong></span> <span class='ocrx_word' id='word_1_46' title='bbox 992 720 1024 756; x_wconf 91' lang='lat' dir='ltr'><strong>us</strong></span> 
     </span>
     <span class='ocr_line' id='line_1_7' title="bbox 64 767 1024 889; baseline 0.004 -70"><span class='ocrx_word' id='word_1_47' title='bbox 64 775 192 889; x_wconf 69' lang='lat' dir='ltr'><strong>paratus.</strong></span> <span class='ocrx_word' id='word_1_48' title='bbox 210 767 272 820; x_wconf 78' lang='lat' dir='ltr'><strong>vid.</strong></span> <span class='ocrx_word' id='word_1_49' title='bbox 290 769 418 820; x_wconf 84' lang='lat' dir='ltr'><strong>Servium</strong></span> <span class='ocrx_word' id='word_1_50' title='bbox 431 767 467 820; x_wconf 90' lang='lat' dir='ltr'><strong>ad</strong></span> <span class='ocrx_word' id='word_1_51' title='bbox 478 774 544 823; x_wconf 82' lang='lat' dir='ltr'><strong>Aen.</strong></span> <span class='ocrx_word' id='word_1_52' title='bbox 560 769 610 822; x_wconf 87' lang='lat' dir='ltr'><strong>lib.</strong></span> <span class='ocrx_word' id='word_1_53' title='bbox 624 774 645 836; x_wconf 88' lang='lat'><strong>1,</strong></span> <span class='ocrx_word' id='word_1_54' title='bbox 656 768 716 825; x_wconf 71' lang='lat'><strong>214.</strong></span> <span class='ocrx_word' id='word_1_55' title='bbox 733 774 910 848; x_wconf 76' lang='lat' dir='ltr'><strong>Quamquam</strong></span> <span class='ocrx_word' id='word_1_56' title='bbox 922 788 952 822; x_wconf 93' lang='lat' dir='ltr'><strong>m</strong></span> <span class='ocrx_word' id='word_1_57' title='bbox 982 772 1024 823; x_wconf 90' lang='lat' dir='ltr'><strong>ier</strong></span> 
     </span>
    </p>

    <p class='ocr_par' dir='ltr' id='par_1_3' title="bbox 64 834 1024 1523">
     <span class='ocr_line' id='line_1_8' title="bbox 88 834 1023 909; baseline 0.003 -21"><span class='ocrx_word' id='word_1_58' title='bbox 88 834 304 889; x_wconf 87' lang='lat' dir='ltr'><strong>erbaria-haec</strong></span> <span class='ocrx_word' id='word_1_59' title='bbox 325 846 366 888; x_wconf 91' lang='lat' dir='ltr'><strong>est</strong></span> <span class='ocrx_word' id='word_1_60' title='bbox 377 838 525 890; x_wconf 90' lang='lat' dir='ltr'><strong>verborum</strong></span> <span class='ocrx_word' id='word_1_61' title='bbox 539 839 863 891; x_wconf 86' lang='lat' dir='ltr'><strong>sententia-vernamm</strong></span> <span class='ocrx_word' id='word_1_62' title='bbox 874 841 920 891; x_wconf 84' lang='lat' dir='ltr'><strong>via</strong></span> <span class='ocrx_word' id='word_1_63' title='bbox 933 839 1023 909; x_wconf 83' lang='lat' dir='ltr'><strong>negli-</strong></span> 
     </span>
     <span class='ocr_line' id='line_1_9' title="bbox 65 905 1024 978; baseline 0.004 -21"><span class='ocrx_word' id='word_1_64' title='bbox 65 912 169 977; x_wconf 79' lang='lat' dir='ltr'><strong>genter</strong></span> <span class='ocrx_word' id='word_1_65' title='bbox 182 905 389 972; x_wconf 83' lang='lat' dir='ltr'><strong>ambulantem,</strong></span> <span class='ocrx_word' id='word_1_66' title='bbox 410 906 446 958; x_wconf 89' lang='lat' dir='ltr'><strong>ad</strong></span> <span class='ocrx_word' id='word_1_67' title='bbox 464 907 577 978; x_wconf 81' lang='lat' dir='ltr'><strong>negotia</strong></span> <span class='ocrx_word' id='word_1_68' title='bbox 591 925 648 960; x_wconf 91' lang='lat' dir='ltr'><strong>nori</strong></span> <span class='ocrx_word' id='word_1_69' title='bbox 664 908 838 976; x_wconf 83' lang='lat' dir='ltr'><strong>expeditum,</strong></span> <span class='ocrx_word' id='word_1_70' title='bbox 856 908 976 978; x_wconf 83' lang='lat' dir='ltr'><strong>ideoque</strong></span> <span class='ocrx_word' id='word_1_71' title='bbox 987 906 1024 961; x_wconf 87' lang='lat' dir='ltr'><strong>ad</strong></span> 
     </span>
     <span class='ocr_line' id='line_1_10' title="bbox 66 971 1023 1031; baseline 0.001 -4"><span class='ocrx_word' id='word_1_72' title='bbox 66 971 221 1027; x_wconf 85' lang='lat' dir='ltr'><strong>emendum</strong></span> <span class='ocrx_word' id='word_1_73' title='bbox 235 992 292 1026; x_wconf 91' lang='lat' dir='ltr'><strong>non</strong></span> <span class='ocrx_word' id='word_1_74' title='bbox 313 975 495 1028; x_wconf 85' lang='lat' dir='ltr'><strong>accedentem</strong></span> <span class='ocrx_word' id='word_1_75' title='bbox 507 977 525 1031; x_wconf 89' lang='lat' dir='ltr'><strong>i.</strong></span> <span class='ocrx_word' id='word_1_76' title='bbox 543 993 566 1030; x_wconf 91' lang='lat' dir='ltr'><strong>e.</strong></span> <span class='ocrx_word' id='word_1_77' title='bbox 580 994 638 1028; x_wconf 89' lang='lat' dir='ltr'><strong>nou</strong></span> <span class='ocrx_word' id='word_1_78' title='bbox 656 977 833 1030; x_wconf 89' lang='lat' dir='ltr'><strong>succinctum</strong></span> <span class='ocrx_word' id='word_1_79' title='bbox 848 978 1023 1030; x_wconf 85' lang='lat' dir='ltr'><strong>animadver-</strong></span> 
     </span>
     <span class='ocr_line' id='line_1_11' title="bbox 64 1042 1022 1113; baseline 0.005 -19"><span class='ocrx_word' id='word_1_80' title='bbox 64 1042 113 1110; x_wconf 91' lang='lat' dir='ltr'><strong>tit,</strong></span> <span class='ocrx_word' id='word_1_81' title='bbox 120 1051 215 1094; x_wconf 86' lang='lat' dir='ltr'><strong>tamen</strong></span> <span class='ocrx_word' id='word_1_82' title='bbox 226 1043 253 1094; x_wconf 92' lang='lat' dir='ltr'><strong>ei</strong></span> <span class='ocrx_word' id='word_1_83' title='bbox 266 1044 366 1096; x_wconf 82' lang='lat' dir='ltr'><strong>herbas</strong></span> <span class='ocrx_word' id='word_1_84' title='bbox 374 1061 445 1108; x_wconf 91' lang='lat' dir='ltr'><strong>suas,</strong></span> <span class='ocrx_word' id='word_1_85' title='bbox 453 1054 587 1113; x_wconf 87' lang='lat' dir='ltr'><strong>tanquam</strong></span> <span class='ocrx_word' id='word_1_86' title='bbox 595 1046 851 1111; x_wconf 85' lang='lat' dir='ltr'><strong>emturienti,clara</strong></span> <span class='ocrx_word' id='word_1_87' title='bbox 863 1064 932 1099; x_wconf 83' lang='lat' dir='ltr'><strong>voce</strong></span> <span class='ocrx_word' id='word_1_88' title='bbox 944 1063 1022 1098; x_wconf 90' lang='lat' dir='ltr'><strong>com-</strong></span> 
     </span>
     <span class='ocr_line' id='line_1_12' title="bbox 64 1111 1022 1183; baseline 0.001 -18"><span class='ocrx_word' id='word_1_89' title='bbox 64 1111 200 1178; x_wconf 82' lang='lat' dir='ltr'><strong>mendat,</strong></span> <span class='ocrx_word' id='word_1_90' title='bbox 218 1113 255 1165; x_wconf 89' lang='lat' dir='ltr'><strong>ad</strong></span> <span class='ocrx_word' id='word_1_91' title='bbox 273 1112 349 1182; x_wconf 89' lang='lat' dir='ltr'><strong>quod</strong></span> <span class='ocrx_word' id='word_1_92' title='bbox 368 1113 503 1164; x_wconf 89' lang='lat' dir='ltr'><strong>nimirum</strong></span> <span class='ocrx_word' id='word_1_93' title='bbox 513 1113 572 1164; x_wconf 88' lang='lat' dir='ltr'><strong>sola</strong></span> <span class='ocrx_word' id='word_1_94' title='bbox 591 1113 664 1164; x_wconf 91' lang='lat' dir='ltr'><strong>lucri</strong></span> <span class='ocrx_word' id='word_1_95' title='bbox 683 1114 835 1183; x_wconf 87' lang='lat' dir='ltr'><strong>cupiditate</strong></span> <span class='ocrx_word' id='word_1_96' title='bbox 853 1115 975 1168; x_wconf 88' lang='lat' dir='ltr'><strong>ducitur.</strong></span> <span class='ocrx_word' id='word_1_97' title='bbox 997 1141 1022 1155; x_wconf 88' lang='lat'><em>-</em></span> 
     </span>
     <span class='ocr_line' id='line_1_13' title="bbox 66 1181 1022 1253; baseline 0.001 -20"><span class='ocrx_word' id='word_1_98' title='bbox 66 1182 213 1247; x_wconf 77' lang='lat' dir='ltr'><strong>Ceterum,</strong></span> <span class='ocrx_word' id='word_1_99' title='bbox 237 1189 269 1232; x_wconf 88' lang='lat' dir='ltr'><strong>ut</strong></span> <span class='ocrx_word' id='word_1_100' title='bbox 293 1181 348 1233; x_wconf 90' lang='lat' dir='ltr'><strong>hoc</strong></span> <span class='ocrx_word' id='word_1_101' title='bbox 372 1197 484 1250; x_wconf 84' lang='lat' dir='ltr'><strong>quoque</strong></span> <span class='ocrx_word' id='word_1_102' title='bbox 511 1198 747 1248; x_wconf 90' lang='lat' dir='ltr'><strong>commemorem,</strong></span> <span class='ocrx_word' id='word_1_103' title='bbox 771 1187 847 1235; x_wconf 84' lang='lat' dir='ltr'><strong>Ioan.</strong></span> <span class='ocrx_word' id='word_1_104' title='bbox 865 1188 975 1253; x_wconf 83' lang='lat' dir='ltr'><strong>Scoppa</strong></span> <span class='ocrx_word' id='word_1_105' title='bbox 992 1184 1022 1235; x_wconf 89' lang='lat' dir='ltr'><strong>iii</strong></span> 
     </span>
     <span class='ocr_line' id='line_1_14' title="bbox 66 1249 1021 1331; baseline 0.002 -30"><span class='ocrx_word' id='word_1_106' title='bbox 66 1249 180 1331; x_wconf 67' lang='lat' dir='ltr'><strong>Sylloge</strong></span> <span class='ocrx_word' id='word_1_107' title='bbox 193 1251 237 1302; x_wconf 81' lang='lat' dir='ltr'><strong>IV.</strong></span> <span class='ocrx_word' id='word_1_108' title='bbox 255 1249 369 1302; x_wconf 83' lang='lat' dir='ltr'><strong>Collect.</strong></span> <span class='ocrx_word' id='word_1_109' title='bbox 389 1268 413 1305; x_wconf 89' lang='lat' dir='ltr'><strong>c.</strong></span> <span class='ocrx_word' id='word_1_110' title='bbox 429 1253 478 1303; x_wconf 83' lang='lat' dir='ltr'><strong>XI.</strong></span> <span class='ocrx_word' id='word_1_111' title='bbox 496 1267 547 1318; x_wconf 91' lang='lat' dir='ltr'><strong>pro</strong></span> <span class='ocrx_word' id='word_1_112' title='bbox 570 1270 665 1319; x_wconf 87' lang='lat' dir='ltr'><strong>ocyma</strong></span> <span class='ocrx_word' id='word_1_113' title='bbox 676 1252 808 1319; x_wconf 83' lang='lat' dir='ltr'><strong>proponit</strong></span> <span class='ocrx_word' id='word_1_114' title='bbox 825 1255 896 1318; x_wconf 85' lang='lat' dir='ltr'><strong>oti&#39;c,</strong></span> <span class='ocrx_word' id='word_1_115' title='bbox 912 1253 931 1306; x_wconf 88' lang='lat' dir='ltr'><strong>i.</strong></span> <span class='ocrx_word' id='word_1_116' title='bbox 946 1270 969 1307; x_wconf 93' lang='lat' dir='ltr'><strong>e.</strong></span> <span class='ocrx_word' id='word_1_117' title='bbox 986 1253 1021 1303; x_wconf 90' lang='lat' dir='ltr'><strong>li-</strong></span> 
     </span>
     <span class='ocr_line' id='line_1_15' title="bbox 64 1318 1022 1391; baseline 0.001 -20"><span class='ocrx_word' id='word_1_118' title='bbox 64 1319 186 1385; x_wconf 83' lang='lat' dir='ltr'><strong>bidines,</strong></span> <span class='ocrx_word' id='word_1_119' title='bbox 204 1335 276 1389; x_wconf 85' lang='lat' dir='ltr'><strong>quae</strong></span> <span class='ocrx_word' id='word_1_120' title='bbox 288 1335 322 1370; x_wconf 83' lang='lat' dir='ltr'><strong>er</strong></span> <span class='ocrx_word' id='word_1_121' title='bbox 341 1319 399 1370; x_wconf 89' lang='lat' dir='ltr'><strong>otio</strong></span> <span class='ocrx_word' id='word_1_122' title='bbox 411 1318 590 1386; x_wconf 80' lang='lat' dir='ltr'><strong>proueniant,</strong></span> <span class='ocrx_word' id='word_1_123' title='bbox 609 1327 642 1371; x_wconf 92' lang='lat' dir='ltr'><strong>ut</strong></span> <span class='ocrx_word' id='word_1_124' title='bbox 655 1335 688 1370; x_wconf 85' lang='lat' dir='ltr'><strong>er</strong></span> <span class='ocrx_word' id='word_1_125' title='bbox 701 1319 750 1372; x_wconf 90' lang='lat' dir='ltr'><strong>illo</strong></span> <span class='ocrx_word' id='word_1_126' title='bbox 764 1320 897 1374; x_wconf 83' lang='lat' dir='ltr'><strong>ovidiana</strong></span> <span class='ocrx_word' id='word_1_127' title='bbox 912 1321 1022 1391; x_wconf 84' lang='lat' dir='ltr'><strong>colligi-</strong></span> 
     </span>
     <span class='ocr_line' id='line_1_16' title="bbox 64 1390 1022 1460; baseline 0.003 -21"><span class='ocrx_word' id='word_1_128' title='bbox 64 1396 130 1439; x_wconf 83' lang='lat' dir='ltr'><strong>tur:</strong></span> <span class='ocrx_word' id='word_1_129' title='bbox 151 1391 214 1441; x_wconf 77' lang='lat' dir='ltr'><strong>ono</strong></span> <span class='ocrx_word' id='word_1_130' title='bbox 228 1392 253 1440; x_wconf 82' lang='lat' dir='ltr'><strong>si</strong></span> <span class='ocrx_word' id='word_1_131' title='bbox 267 1390 349 1441; x_wconf 84' lang='lat' dir='ltr'><strong>tollas</strong></span> <span class='ocrx_word' id='word_1_132' title='bbox 361 1409 467 1459; x_wconf 85' lang='lat' dir='ltr'><strong>periere</strong></span> <span class='ocrx_word' id='word_1_133' title='bbox 483 1392 624 1460; x_wconf 80' lang='lat' dir='ltr'><strong>Cupidinis</strong></span> <span class='ocrx_word' id='word_1_134' title='bbox 639 1393 745 1443; x_wconf 86' lang='lat' dir='ltr'><strong>arcus&#39;’.</strong></span> <span class='ocrx_word' id='word_1_135' title='bbox 768 1390 865 1441; x_wconf 83' lang='lat' dir='ltr'><strong>Baucis</strong></span> <span class='ocrx_word' id='word_1_136' title='bbox 880 1391 905 1442; x_wconf 91' lang='lat' dir='ltr'><strong>ei</strong></span> <span class='ocrx_word' id='word_1_137' title='bbox 920 1399 960 1441; x_wconf 88' lang='lat' dir='ltr'><strong>est</strong></span> <span class='ocrx_word' id='word_1_138' title='bbox 973 1405 1022 1442; x_wconf 86' lang='lat' dir='ltr'><strong>ve·</strong></span> 
     </span>
     <span class='ocr_line' id='line_1_17' title="bbox 65 1454 1021 1523; baseline 0.001 -14"><span class='ocrx_word' id='word_1_139' title='bbox 65 1454 128 1509; x_wconf 78' lang='lat' dir='ltr'><strong>iuli</strong></span> <span class='ocrx_word' id='word_1_140' title='bbox 142 1464 171 1507; x_wconf 91' lang='lat' dir='ltr'><strong>et</strong></span> <span class='ocrx_word' id='word_1_141' title='bbox 182 1456 324 1523; x_wconf 87' lang='lat' dir='ltr'><strong>meretrix,</strong></span> <span class='ocrx_word' id='word_1_142' title='bbox 337 1473 424 1509; x_wconf 85' lang='lat' dir='ltr'><strong>rema</strong></span> <span class='ocrx_word' id='word_1_143' title='bbox 437 1456 598 1521; x_wconf 89' lang='lat' dir='ltr'><strong>discinctus,</strong></span> <span class='ocrx_word' id='word_1_144' title='bbox 614 1473 707 1510; x_wconf 86' lang='lat' dir='ltr'><strong>servus</strong></span> <span class='ocrx_word' id='word_1_145' title='bbox 720 1457 892 1513; x_wconf 86' lang='lat' dir='ltr'><strong>libidinosus.</strong></span> <span class='ocrx_word' id='word_1_146' title='bbox 906 1462 1021 1512; x_wconf 81' lang='lat' dir='ltr'><strong>¹Vernae</strong></span> 
     </span>
    </p>
   </div>
   <div class='ocr_carea' id='block_1_3' title="bbox 29 1524 1020 1605">
    <p class='ocr_par' dir='ltr' id='par_1_4' title="bbox 29 1524 1020 1605">
     <span class='ocr_line' id='line_1_18' title="bbox 29 1524 1020 1605; baseline 0.002 -28"><span class='ocrx_word' id='word_1_147' title='bbox 29 1586 34 1595; x_wconf 37' lang='lat'><strong><em>¹</em></strong></span> <span class='ocrx_word' id='word_1_148' title='bbox 57 1541 203 1594; x_wconf 83' lang='lat' dir='ltr'><strong>namque,</strong></span> <span class='ocrx_word' id='word_1_149' title='bbox 221 1524 321 1605; x_wconf 73' lang='lat' dir='ltr'><strong>inquit,</strong></span> <span class='ocrx_word' id='word_1_150' title='bbox 338 1534 438 1577; x_wconf 89' lang='lat' dir='ltr'><strong>natura</strong></span> <span class='ocrx_word' id='word_1_151' title='bbox 451 1535 515 1577; x_wconf 91' lang='lat' dir='ltr'><strong>sunt</strong></span> <span class='ocrx_word' id='word_1_152' title='bbox 528 1543 663 1594; x_wconf 86' lang='lat' dir='ltr'><strong>procaces</strong></span> <span class='ocrx_word' id='word_1_153' title='bbox 679 1535 764 1596; x_wconf 84' lang='lat' dir='ltr'><strong>atque</strong></span> <span class='ocrx_word' id='word_1_154' title='bbox 778 1528 929 1583; x_wconf 88' lang='lat' dir='ltr'><strong>libidinosi.</strong></span> <span class='ocrx_word' id='word_1_155' title='bbox 952 1527 1020 1580; x_wconf 89' lang='lat' dir='ltr'><strong>Ideo</strong></span> 
     </span>
    </p>
   </div>
   <div class='ocr_carea' id='block_1_4' title="bbox 10 1972 28 2011">
    <p class='ocr_par' dir='ltr' id='par_1_5' title="bbox 10 1972 28 2011">
     <span class='ocr_line' id='line_1_19' title="bbox 10 1972 28 2011; baseline 0 0"><span class='ocrx_word' id='word_1_156' title='bbox 10 1972 28 2011; x_wconf 74' lang='grc' dir='ltr'>ἰ</span> 
     </span>
    </p>
   </div>
   <div class='ocr_carea' id='block_1_5' title="bbox 10 2042 33 2211">
    <p class='ocr_par' dir='ltr' id='par_1_6' title="bbox 10 2042 33 2211">
     <span class='ocr_line' id='line_1_20' title="bbox 10 2042 33 2211; baseline 0 0"><span class='ocrx_word' id='word_1_157' title='bbox 10 2042 33 2211; x_wconf 82' lang='lat' dir='ltr'><strong>i</strong></span> 
     </span>
    </p>
   </div>
   <div class='ocr_carea' id='block_1_6' title="bbox 12 2311 33 2355">
    <p class='ocr_par' dir='ltr' id='par_1_7' title="bbox 12 2311 33 2355">
     <span class='ocr_line' id='line_1_21' title="bbox 12 2311 33 2355; baseline 0 -38"><span class='ocrx_word' id='word_1_158' title='bbox 12 2311 33 2355; x_wconf 41' lang='grc' dir='ltr'><strong>ἦ.</strong></span> 
     </span>
    </p>
   </div>
   <div class='ocr_carea' id='block_1_7' title="bbox 10 2386 19 2421">
    <p class='ocr_par' dir='ltr' id='par_1_8' title="bbox 10 2386 19 2421">
     <span class='ocr_line' id='line_1_22' title="bbox 10 2386 19 2421; baseline 0 0"><span class='ocrx_word' id='word_1_159' title='bbox 10 2386 19 2421; x_wconf 73' lang='lat' dir='ltr'><strong>i</strong></span> 
     </span>
    </p>
   </div>
   <div class='ocr_carea' id='block_1_8' title="bbox 10 2426 28 2459">
    <p class='ocr_par' dir='ltr' id='par_1_9' title="bbox 10 2426 28 2459">
     <span class='ocr_line' id='line_1_23' title="bbox 22 2426 28 2435; baseline 0 0"><span class='ocrx_word' id='word_1_160' title='bbox 22 2426 28 2435; x_wconf 69' lang='grc' dir='ltr'>ι</span> 
     </span>
     <span class='ocr_line' id='line_1_24' title="bbox 10 2450 14 2459; baseline 0 0"><span class='ocrx_word' id='word_1_161' title='bbox 10 2450 14 2459; x_wconf 91' lang='grc' dir='ltr'>ι</span> 
     </span>
    </p>
   </div>
   <div class='ocr_carea' id='block_1_9' title="bbox 10 2529 25 2583">
    <p class='ocr_par' dir='ltr' id='par_1_10' title="bbox 10 2529 25 2583">
     <span class='ocr_line' id='line_1_25' title="bbox 10 2529 25 2553; baseline 0 0"><span class='ocrx_word' id='word_1_162' title='bbox 10 2529 25 2553; x_wconf 70' lang='lat' dir='ltr'>h</span> 
     </span>
     <span class='ocr_line' id='line_1_26' title="bbox 10 2562 19 2583; baseline 0 -12"><span class='ocrx_word' id='word_1_163' title='bbox 10 2562 19 2583; x_wconf 59' lang='grc' dir='ltr'><strong>Γ</strong></span> 
     </span>
    </p>
   </div>
   <div class='ocr_carea' id='block_1_10' title="bbox 10 2345 564 2416">
    <p class='ocr_par' dir='ltr' id='par_1_11' title="bbox 10 2345 564 2416">
     <span class='ocr_line' id='line_1_27' title="bbox 10 2345 564 2416; baseline -0.004 -15"><span class='ocrx_word' id='word_1_164' title='bbox 10 2364 27 2377; x_wconf 88' lang='grc'><strong>··</strong></span> <span class='ocrx_word' id='word_1_165' title='bbox 66 2347 153 2401; x_wconf 85' lang='lat' dir='ltr'><strong>etiam</strong></span> <span class='ocrx_word' id='word_1_166' title='bbox 169 2346 199 2397; x_wconf 92' lang='lat' dir='ltr'><strong>in</strong></span> <span class='ocrx_word' id='word_1_167' title='bbox 209 2346 261 2415; x_wconf 91' lang='lat' dir='ltr'><strong>his,</strong></span> <span class='ocrx_word' id='word_1_168' title='bbox 278 2345 390 2416; x_wconf 82' lang='lat' dir='ltr'><strong>quaein</strong></span> <span class='ocrx_word' id='word_1_169' title='bbox 404 2346 564 2399; x_wconf 86' lang='lat' dir='ltr'><strong>universum</strong></span> 
     </span>
    </p>
   </div>
   <div class='ocr_carea' id='block_1_11' title="bbox 47 1594 1022 2627">
    <p class='ocr_par' dir='ltr' id='par_1_12' title="bbox 47 1594 1022 2627">
     <span class='ocr_line' id='line_1_28' title="bbox 65 1594 1021 1717; baseline 0.006 -73"><span class='ocrx_word' id='word_1_170' title='bbox 65 1608 169 1717; x_wconf 50' lang='lat' dir='ltr'>{gemae</span> <span class='ocrx_word' id='word_1_171' title='bbox 182 1594 412 1662; x_wconf 77' lang='lat' dir='ltr'><strong>pronuntiaverit,</strong></span> <span class='ocrx_word' id='word_1_172' title='bbox 426 1596 560 1665; x_wconf 86' lang='lat' dir='ltr'><strong>quoniam</strong></span> <span class='ocrx_word' id='word_1_173' title='bbox 579 1595 616 1648; x_wconf 90' lang='lat' dir='ltr'><strong>ob</strong></span> <span class='ocrx_word' id='word_1_174' title='bbox 628 1605 770 1650; x_wconf 86' lang='lat' dir='ltr'><strong>senectam</strong></span> <span class='ocrx_word' id='word_1_175' title='bbox 785 1597 821 1650; x_wconf 90' lang='lat' dir='ltr'><strong>ab</strong></span> <span class='ocrx_word' id='word_1_176' title='bbox 833 1596 895 1652; x_wconf 87' lang='lat' dir='ltr'><strong>aliis</strong></span> <span class='ocrx_word' id='word_1_177' title='bbox 906 1597 1021 1650; x_wconf 91' lang='lat' dir='ltr'><strong>lucrum</strong></span> 
     </span>
     <span class='ocr_line' id='line_1_29' title="bbox 98 1663 285 1717; baseline -0.011 0"><span class='ocrx_word' id='word_1_178' title='bbox 98 1679 162 1717; x_wconf 87' lang='lat' dir='ltr'><strong>cere</strong></span> <span class='ocrx_word' id='word_1_179' title='bbox 177 1679 213 1714; x_wconf 89' lang='lat' dir='ltr'><strong>ne</strong></span> <span class='ocrx_word' id='word_1_180' title='bbox 256 1663 285 1716; x_wconf 81' lang='lat' dir='ltr'><strong>&#39;t</strong></span> 
     </span>
     <span class='ocr_line' id='line_1_30' title="bbox 112 1680 1021 1804; baseline 0 -19"><span class='ocrx_word' id='word_1_181' title='bbox 112 1772 116 1779; x_wconf 89' lang='lat'><strong>.</strong></span> <span class='ocrx_word' id='word_1_182' title='bbox 134 1680 314 1788; x_wconf 40' lang='lat' dir='ltr'><strong>mapsa</strong></span> <span class='ocrx_word' id='word_1_183' title='bbox 337 1733 405 1800; x_wconf 87' lang='lat' dir='ltr'><strong>Hic,</strong></span> <span class='ocrx_word' id='word_1_184' title='bbox 422 1740 455 1786; x_wconf 92' lang='lat' dir='ltr'><strong>ut</strong></span> <span class='ocrx_word' id='word_1_185' title='bbox 473 1733 530 1785; x_wconf 89' lang='lat' dir='ltr'><strong>iam</strong></span> <span class='ocrx_word' id='word_1_186' title='bbox 553 1732 706 1804; x_wconf 80' lang='lat' dir='ltr'><strong>Koenigi&#39;us</strong></span> <span class='ocrx_word' id='word_1_187' title='bbox 724 1730 921 1786; x_wconf 85' lang='lat' dir='ltr'><strong>animadvertit</strong></span> <span class='ocrx_word' id='word_1_188' title='bbox 936 1731 1021 1802; x_wconf 87' lang='lat' dir='ltr'><strong>plane</strong></span> 
     </span>
     <span class='ocr_line' id='line_1_31' title="bbox 64 1801 1020 1870; baseline 0 -17"><span class='ocrx_word' id='word_1_189' title='bbox 64 1815 155 1853; x_wconf 85' lang='lat' dir='ltr'><strong>novus</strong></span> <span class='ocrx_word' id='word_1_190' title='bbox 169 1816 266 1853; x_wconf 91' lang='lat' dir='ltr'><strong>rerum</strong></span> <span class='ocrx_word' id='word_1_191' title='bbox 283 1802 413 1862; x_wconf 64' lang='lat' dir='ltr'><strong>nascitur}</strong></span> <span class='ocrx_word' id='word_1_192' title='bbox 426 1802 505 1856; x_wconf 88' lang='lat' dir='ltr'><strong>ordo.</strong></span> <span class='ocrx_word' id='word_1_193' title='bbox 538 1807 570 1853; x_wconf 93' lang='lat' dir='ltr'><strong>In</strong></span> <span class='ocrx_word' id='word_1_194' title='bbox 590 1802 838 1867; x_wconf 85' lang='lat' dir='ltr'><strong>antecedentibus,</strong></span> <span class='ocrx_word' id='word_1_195' title='bbox 860 1801 910 1854; x_wconf 90' lang='lat' dir='ltr'><strong>ubi</strong></span> <span class='ocrx_word' id='word_1_196' title='bbox 925 1810 1020 1870; x_wconf 86' lang='lat' dir='ltr'><strong>poeta,</strong></span> 
     </span>
     <span class='ocr_line' id='line_1_32' title="bbox 64 1868 1020 1940; baseline 0 -19"><span class='ocrx_word' id='word_1_197' title='bbox 64 1868 215 1921; x_wconf 69' lang='lat' dir='ltr'><strong>mathiadis</strong></span> <span class='ocrx_word' id='word_1_198' title='bbox 235 1871 362 1938; x_wconf 88' lang='lat' dir='ltr'><strong>exemplo</strong></span> <span class='ocrx_word' id='word_1_199' title='bbox 376 1888 450 1934; x_wconf 91' lang='lat' dir='ltr'><strong>usus,</strong></span> <span class='ocrx_word' id='word_1_200' title='bbox 473 1871 615 1940; x_wconf 81' lang='lat' dir='ltr'><strong>exposuit,</strong></span> <span class='ocrx_word' id='word_1_201' title='bbox 632 1871 760 1923; x_wconf 84' lang='lat' dir='ltr'><strong>homines</strong></span> <span class='ocrx_word' id='word_1_202' title='bbox 783 1870 927 1939; x_wconf 87' lang='lat' dir='ltr'><strong>praecepti</strong></span> <span class='ocrx_word' id='word_1_203' title='bbox 945 1870 1020 1922; x_wconf 89' lang='lat' dir='ltr'><strong>illius</strong></span> 
     </span>
     <span class='ocr_line' id='line_1_33' title="bbox 47 1932 1020 2052; baseline -0.001 -63"><span class='ocrx_word' id='word_1_204' title='bbox 47 1936 157 2007; x_wconf 65' lang='grc' dir='ltr'><em>,ᾖνῶθι</em></span> <span class='ocrx_word' id='word_1_205' title='bbox 173 1932 290 1994; x_wconf 77' lang='grc' dir='ltr'><strong><em>σεαυτὸν</em></strong></span> <span class='ocrx_word' id='word_1_206' title='bbox 308 1938 505 2002; x_wconf 86' lang='lat' dir='ltr'><strong>immemores,</strong></span> <span class='ocrx_word' id='word_1_207' title='bbox 523 1955 568 1989; x_wconf 90' lang='lat' dir='ltr'><strong>res</strong></span> <span class='ocrx_word' id='word_1_208' title='bbox 587 1939 745 2052; x_wconf 79' lang='lat' dir='ltr'><strong>suscipere,</strong></span> <span class='ocrx_word' id='word_1_209' title='bbox 764 1954 833 2013; x_wconf 78' lang='lat' dir='ltr'><strong>quas</strong></span> <span class='ocrx_word' id='word_1_210' title='bbox 850 1954 949 1989; x_wconf 90' lang='lat' dir='ltr'><strong>eorum</strong></span> <span class='ocrx_word' id='word_1_211' title='bbox 967 1936 1020 1988; x_wconf 91' lang='lat' dir='ltr'><strong>hu-</strong></span> 
     </span>
     <span class='ocr_line' id='line_1_34' title="bbox 62 2003 1019 2071; baseline -0.004 -12"><span class='ocrx_word' id='word_1_212' title='bbox 62 2007 139 2059; x_wconf 89' lang='lat' dir='ltr'><strong>meri</strong></span> <span class='ocrx_word' id='word_1_213' title='bbox 150 2005 226 2056; x_wconf 82' lang='lat' dir='ltr'><strong>ferre</strong></span> <span class='ocrx_word' id='word_1_214' title='bbox 240 2013 386 2069; x_wconf 89' lang='lat' dir='ltr'><strong>recusent,</strong></span> <span class='ocrx_word' id='word_1_215' title='bbox 405 2005 526 2055; x_wconf 88' lang='lat' dir='ltr'><strong>alterum</strong></span> <span class='ocrx_word' id='word_1_216' title='bbox 546 2019 623 2053; x_wconf 90' lang='lat' dir='ltr'><strong>nunc</strong></span> <span class='ocrx_word' id='word_1_217' title='bbox 641 2020 658 2053; x_wconf 92' lang='lat' dir='ltr'><strong>a</strong></span> <span class='ocrx_word' id='word_1_218' title='bbox 679 2003 719 2052; x_wconf 87' lang='lat' dir='ltr'><strong>dit</strong></span> <span class='ocrx_word' id='word_1_219' title='bbox 729 2003 844 2067; x_wconf 89' lang='lat' dir='ltr'><strong>vitium,</strong></span> <span class='ocrx_word' id='word_1_220' title='bbox 863 2004 938 2071; x_wconf 83' lang='lat' dir='ltr'><strong>quod</strong></span> <span class='ocrx_word' id='word_1_221' title='bbox 953 2020 1019 2056; x_wconf 92' lang='lat' dir='ltr'><strong>cum</strong></span> 
     </span>
     <span class='ocr_line' id='line_1_35' title="bbox 48 2068 1019 2144; baseline -0.003 -17"><span class='ocrx_word' id='word_1_222' title='bbox 48 2076 52 2084; x_wconf 86' lang='lat'>&#39;</span> <span class='ocrx_word' id='word_1_223' title='bbox 62 2072 225 2144; x_wconf 77' lang='lat' dir='ltr'><strong>ignorantia</strong></span> <span class='ocrx_word' id='word_1_224' title='bbox 236 2072 278 2122; x_wconf 91' lang='lat' dir='ltr'><strong>sui</strong></span> <span class='ocrx_word' id='word_1_225' title='bbox 291 2071 376 2139; x_wconf 91' lang='lat' dir='ltr'><strong>ipsius</strong></span> <span class='ocrx_word' id='word_1_226' title='bbox 388 2070 648 2122; x_wconf 90' lang='lat' dir='ltr'><strong>coniunctissimum</strong></span> <span class='ocrx_word' id='word_1_227' title='bbox 661 2078 711 2137; x_wconf 92' lang='lat' dir='ltr'><strong>est,</strong></span> <span class='ocrx_word' id='word_1_228' title='bbox 721 2068 885 2122; x_wconf 88' lang='lat' dir='ltr'><strong>aviditatem</strong></span> <span class='ocrx_word' id='word_1_229' title='bbox 899 2070 1019 2124; x_wconf 89' lang='lat' dir='ltr'><strong>aliorum</strong></span> 
     </span>
     <span class='ocr_line' id='line_1_36' title="bbox 62 2137 1020 2259; baseline -0.002 -64"><span class='ocrx_word' id='word_1_230' title='bbox 62 2141 136 2195; x_wconf 83' lang='lat' dir='ltr'><strong>vitia</strong></span> <span class='ocrx_word' id='word_1_231' title='bbox 149 2139 295 2208; x_wconf 88' lang='lat' dir='ltr'><strong>carpendi,</strong></span> <span class='ocrx_word' id='word_1_232' title='bbox 314 2138 399 2259; x_wconf 68' lang='lat' dir='ltr'><strong>idipie</strong></span> <span class='ocrx_word' id='word_1_233' title='bbox 414 2138 530 2207; x_wconf 90' lang='lat' dir='ltr'><strong>perinde</strong></span> <span class='ocrx_word' id='word_1_234' title='bbox 545 2137 672 2206; x_wconf 83' lang='lat' dir='ltr'><strong>exemplo</strong></span> <span class='ocrx_word' id='word_1_235' title='bbox 687 2137 844 2193; x_wconf 79' lang='lat' dir='ltr'><strong>coufirmat.</strong></span> <span class='ocrx_word' id='word_1_236' title='bbox 878 2141 1020 2193; x_wconf 77' lang='lat' dir='ltr'><strong>Hactenus</strong></span> 
     </span>
     <span class='ocr_line' id='line_1_37' title="bbox 58 2206 1020 2276; baseline -0.001 -13"><span class='ocrx_word' id='word_1_237' title='bbox 58 2209 232 2265; x_wconf 74' lang='lat' dir='ltr'><strong>audiebatur</strong></span> <span class='ocrx_word' id='word_1_238' title='bbox 246 2209 280 2260; x_wconf 91' lang='lat' dir='ltr'><strong>de</strong></span> <span class='ocrx_word' id='word_1_239' title='bbox 293 2207 352 2260; x_wconf 83' lang='lat' dir='ltr'><strong>ilci</strong></span> <span class='ocrx_word' id='word_1_240' title='bbox 373 2206 445 2268; x_wconf 81' lang='lat' dir='ltr'><strong>iade.</strong></span> <span class='ocrx_word' id='word_1_241' title='bbox 463 2208 528 2274; x_wconf 87' lang='lat' dir='ltr'><strong>sive,</strong></span> <span class='ocrx_word' id='word_1_242' title='bbox 546 2216 579 2259; x_wconf 91' lang='lat' dir='ltr'><strong>ut</strong></span> <span class='ocrx_word' id='word_1_243' title='bbox 591 2207 721 2260; x_wconf 88' lang='lat' dir='ltr'><strong>Meistero</strong></span> <span class='ocrx_word' id='word_1_244' title='bbox 735 2207 838 2276; x_wconf 89' lang='lat' dir='ltr'><strong>placet,</strong></span> <span class='ocrx_word' id='word_1_245' title='bbox 851 2207 886 2261; x_wconf 88' lang='lat' dir='ltr'><strong>de</strong></span> <span class='ocrx_word' id='word_1_246' title='bbox 898 2209 1020 2263; x_wconf 82' lang='lat' dir='ltr'><strong>Nerone.</strong></span> 
     </span>
     <span class='ocr_line' id='line_1_38' title="bbox 63 2275 1020 2345; baseline -0.004 -12"><span class='ocrx_word' id='word_1_247' title='bbox 63 2282 198 2333; x_wconf 81' lang='lat' dir='ltr'><strong>letamen</strong></span> <span class='ocrx_word' id='word_1_248' title='bbox 215 2277 272 2329; x_wconf 89' lang='lat' dir='ltr'><strong>eius</strong></span> <span class='ocrx_word' id='word_1_249' title='bbox 294 2277 527 2345; x_wconf 86' lang='lat' dir='ltr'><strong>vituperationem</strong></span> <span class='ocrx_word' id='word_1_250' title='bbox 539 2276 587 2328; x_wconf 90' lang='lat' dir='ltr'><strong>lon</strong></span> <span class='ocrx_word' id='word_1_251' title='bbox 609 2277 649 2328; x_wconf 88' lang='lat' dir='ltr'><strong>ius</strong></span> <span class='ocrx_word' id='word_1_252' title='bbox 667 2275 837 2345; x_wconf 90' lang='lat' dir='ltr'><strong>productam</strong></span> <span class='ocrx_word' id='word_1_253' title='bbox 861 2276 1020 2330; x_wconf 80' lang='lat' dir='ltr'><strong>existimans</strong></span> 
     </span>
     <span class='ocr_line' id='line_1_39' title="bbox 578 2294 1021 2429; baseline 0 -30"><span class='ocrx_word' id='word_1_254' title='bbox 578 2294 653 2399; x_wconf 49' lang='lat' dir='ltr'><strong>ficta</strong></span> <span class='ocrx_word' id='word_1_255' title='bbox 664 2354 737 2413; x_wconf 91' lang='lat' dir='ltr'><strong>sunt,</strong></span> <span class='ocrx_word' id='word_1_256' title='bbox 758 2346 868 2429; x_wconf 79' lang='lat' dir='ltr'><strong>singula</strong></span> <span class='ocrx_word' id='word_1_257' title='bbox 884 2346 1021 2399; x_wconf 85' lang='lat' dir='ltr'><strong>detexisse</strong></span> 
     </span>
     <span class='ocr_line' id='line_1_40' title="bbox 65 2413 1021 2486; baseline -0.003 -16"><span class='ocrx_word' id='word_1_258' title='bbox 65 2417 118 2471; x_wconf 84' lang='lat' dir='ltr'><strong>sibi</strong></span> <span class='ocrx_word' id='word_1_259' title='bbox 131 2415 256 2482; x_wconf 85' lang='lat' dir='ltr'><strong>videtur,</strong></span> <span class='ocrx_word' id='word_1_260' title='bbox 275 2431 346 2485; x_wconf 88' lang='lat' dir='ltr'><strong>quae</strong></span> <span class='ocrx_word' id='word_1_261' title='bbox 358 2415 463 2484; x_wconf 87' lang='lat' dir='ltr'><strong>optime</strong></span> <span class='ocrx_word' id='word_1_262' title='bbox 475 2416 504 2467; x_wconf 90' lang='lat' dir='ltr'><strong>iii</strong></span> <span class='ocrx_word' id='word_1_263' title='bbox 516 2418 658 2468; x_wconf 87' lang='lat' dir='ltr'><strong>Neronem</strong></span> <span class='ocrx_word' id='word_1_264' title='bbox 670 2415 817 2469; x_wconf 88' lang='lat' dir='ltr'><strong>transferri</strong></span> <span class='ocrx_word' id='word_1_265' title='bbox 828 2422 949 2486; x_wconf 85' lang='lat' dir='ltr'><strong>possent.</strong></span> <span class='ocrx_word' id='word_1_266' title='bbox 966 2413 1021 2468; x_wconf 81' lang='lat' dir='ltr'><strong>Sed</strong></span> 
     </span>
     <span class='ocr_line' id='line_1_41' title="bbox 66 2484 1021 2564; baseline -0.001 -27"><span class='ocrx_word' id='word_1_267' title='bbox 66 2502 154 2557; x_wconf 64' lang='lat' dir='ltr'><strong>piam</strong></span> <span class='ocrx_word' id='word_1_268' title='bbox 177 2484 344 2550; x_wconf 85' lang='lat' dir='ltr'><strong>artificiose,</strong></span> <span class='ocrx_word' id='word_1_269' title='bbox 362 2501 504 2564; x_wconf 67' lang='lat' dir='ltr'><strong>quamque</strong></span> <span class='ocrx_word' id='word_1_270' title='bbox 529 2484 669 2536; x_wconf 90' lang='lat' dir='ltr'><strong>subtiliter</strong></span> <span class='ocrx_word' id='word_1_271' title='bbox 689 2484 720 2536; x_wconf 87' lang='lat' dir='ltr'><strong>id</strong></span> <span class='ocrx_word' id='word_1_272' title='bbox 737 2484 846 2537; x_wconf 88' lang='lat' dir='ltr'><strong>factum</strong></span> <span class='ocrx_word' id='word_1_273' title='bbox 868 2485 918 2551; x_wconf 87' lang='lat' dir='ltr'><strong>sit,</strong></span> <span class='ocrx_word' id='word_1_274' title='bbox 945 2484 1021 2554; x_wconf 83' lang='lat' dir='ltr'><strong>quis-</strong></span> 
     </span>
     <span class='ocr_line' id='line_1_42' title="bbox 66 2551 1022 2627; baseline -0.002 -20"><span class='ocrx_word' id='word_1_275' title='bbox 66 2570 137 2627; x_wconf 87' lang='lat' dir='ltr'><strong>que,</strong></span> <span class='ocrx_word' id='word_1_276' title='bbox 155 2554 248 2605; x_wconf 82' lang='lat' dir='ltr'><strong>verbis</strong></span> <span class='ocrx_word' id='word_1_277' title='bbox 263 2562 363 2622; x_wconf 89' lang='lat' dir='ltr'><strong>poetae</strong></span> <span class='ocrx_word' id='word_1_278' title='bbox 384 2553 581 2619; x_wconf 81' lang='lat' dir='ltr'><strong>consideratis,</strong></span> <span class='ocrx_word' id='word_1_279' title='bbox 600 2551 740 2605; x_wconf 89' lang='lat' dir='ltr'><strong>coniicere</strong></span> <span class='ocrx_word' id='word_1_280' title='bbox 760 2561 862 2622; x_wconf 89' lang='lat' dir='ltr'><strong>potest.</strong></span> <span class='ocrx_word' id='word_1_281' title='bbox 894 2553 1022 2618; x_wconf 84' lang='lat' dir='ltr'><strong>Primum</strong></span> 
     </span>
    </p>
   </div>
   <div class='ocr_carea' id='block_1_12' title="bbox 10 2620 1021 2755">
    <p class='ocr_par' dir='ltr' id='par_1_13' title="bbox 10 2620 1021 2755">
     <span class='ocr_line' id='line_1_43' title="bbox 10 2620 1020 2693; baseline -0.001 -18"><span class='ocrx_word' id='word_1_282' title='bbox 10 2642 17 2651; x_wconf 94' lang='lat'>·</span> <span class='ocrx_word' id='word_1_283' title='bbox 64 2640 105 2676; x_wconf 82' lang='lat' dir='ltr'><strong>rs.</strong></span> <span class='ocrx_word' id='word_1_284' title='bbox 121 2622 165 2677; x_wconf 77' lang='lat'><strong>24.</strong></span> <span class='ocrx_word' id='word_1_285' title='bbox 184 2622 305 2674; x_wconf 88' lang='lat' dir='ltr'><strong>indicari</strong></span> <span class='ocrx_word' id='word_1_286' title='bbox 318 2620 464 2673; x_wconf 89' lang='lat' dir='ltr'><strong>contendit</strong></span> <span class='ocrx_word' id='word_1_287' title='bbox 475 2622 526 2674; x_wconf 89' lang='lat' dir='ltr'><strong>sub</strong></span> <span class='ocrx_word' id='word_1_288' title='bbox 535 2625 712 2693; x_wconf 82' lang='lat' dir='ltr'><strong>praecedenti</strong></span> <span class='ocrx_word' id='word_1_289' title='bbox 725 2620 842 2673; x_wconf 86' lang='lat' dir='ltr'><strong>Neronis</strong></span> <span class='ocrx_word' id='word_1_290' title='bbox 862 2630 1020 2674; x_wconf 88' lang='lat' dir='ltr'><strong>antecesso-</strong></span> 
     </span>
     <span class='ocr_line' id='line_1_44' title="bbox 13 2686 1021 2755; baseline -0.002 -10"><span class='ocrx_word' id='word_1_291' title='bbox 13 2704 20 2719; x_wconf 89' lang='lat'>&#39;</span> <span class='ocrx_word' id='word_1_292' title='bbox 64 2708 130 2745; x_wconf 87' lang='lat' dir='ltr'><strong>rem</strong></span> <span class='ocrx_word' id='word_1_293' title='bbox 143 2686 289 2743; x_wconf 81' lang='lat' dir='ltr'><strong>Claudium</strong></span> <span class='ocrx_word' id='word_1_294' title='bbox 303 2693 463 2755; x_wconf 76' lang='lat' dir='ltr'><strong>Caesarem,</strong></span> <span class='ocrx_word' id='word_1_295' title='bbox 482 2698 511 2742; x_wconf 91' lang='lat' dir='ltr'><strong>et</strong></span> <span class='ocrx_word' id='word_1_296' title='bbox 528 2689 682 2742; x_wconf 89' lang='lat' dir='ltr'><strong>calumnias</strong></span> <span class='ocrx_word' id='word_1_297' title='bbox 697 2688 731 2742; x_wconf 86' lang='lat' dir='ltr'><strong>ali</strong></span> <span class='ocrx_word' id='word_1_298' title='bbox 745 2689 795 2742; x_wconf 91' lang='lat' dir='ltr'><strong>illo</strong></span> <span class='ocrx_word' id='word_1_299' title='bbox 808 2688 931 2743; x_wconf 87' lang='lat' dir='ltr'><strong>in-liunc</strong></span> <span class='ocrx_word' id='word_1_300' title='bbox 946 2688 1021 2743; x_wconf 90' lang='lat' dir='ltr'><strong>mul-</strong></span> 
     </span>
    </p>
   </div>
   <div class='ocr_carea' id='block_1_13' title="bbox 10 2826 870 2896">
    <p class='ocr_par' dir='ltr' id='par_1_14' title="bbox 10 2826 870 2896">
     <span class='ocr_line' id='line_1_45' title="bbox 10 2826 870 2896; baseline -0.007 -12"><span class='ocrx_word' id='word_1_301' title='bbox 10 2828 19 2877; x_wconf 83' lang='grc'><strong>-’</strong></span> <span class='ocrx_word' id='word_1_302' title='bbox 64 2852 96 2884; x_wconf 80' lang='lat' dir='ltr'><strong>rc</strong></span> <span class='ocrx_word' id='word_1_303' title='bbox 110 2829 225 2881; x_wconf 91' lang='lat' dir='ltr'><strong>omnino</strong></span> <span class='ocrx_word' id='word_1_304' title='bbox 239 2829 322 2896; x_wconf 88' lang='lat' dir='ltr'><strong>ferat,</strong></span> <span class='ocrx_word' id='word_1_305' title='bbox 336 2828 391 2879; x_wconf 90' lang='lat' dir='ltr'><strong>hoc</strong></span> <span class='ocrx_word' id='word_1_306' title='bbox 405 2827 569 2896; x_wconf 87' lang='lat' dir='ltr'><strong>praesertim</strong></span> <span class='ocrx_word' id='word_1_307' title='bbox 581 2826 655 2893; x_wconf 90' lang='lat' dir='ltr'><strong>loco,</strong></span> <span class='ocrx_word' id='word_1_308' title='bbox 672 2827 721 2879; x_wconf 91' lang='lat' dir='ltr'><strong>ubi</strong></span> <span class='ocrx_word' id='word_1_309' title='bbox 733 2826 841 2879; x_wconf 89' lang='lat' dir='ltr'><strong>Persius</strong></span> <span class='ocrx_word' id='word_1_310' title='bbox 853 2843 870 2878; x_wconf 87' lang='lat' dir='ltr'><strong>a</strong></span> 
     </span>
    </p>
   </div>
   <div class='ocr_carea' id='block_1_14' title="bbox 65 2756 1021 2879">
    <p class='ocr_par' dir='ltr' id='par_1_15' title="bbox 65 2756 1021 2879">
     <span class='ocr_line' id='line_1_46' title="bbox 65 2756 1021 2879; baseline -0.002 -64"><span class='ocrx_word' id='word_1_311' title='bbox 65 2762 101 2815; x_wconf 82' lang='lat' dir='ltr'><strong>iii</strong></span> <span class='ocrx_word' id='word_1_312' title='bbox 116 2760 207 2812; x_wconf 88' lang='lat' dir='ltr'><strong>modis</strong></span> <span class='ocrx_word' id='word_1_313' title='bbox 222 2759 370 2813; x_wconf 91' lang='lat' dir='ltr'><strong>coniectas.</strong></span> <span class='ocrx_word' id='word_1_314' title='bbox 389 2758 455 2822; x_wconf 88' lang='lat' dir='ltr'><strong>Quis</strong></span> <span class='ocrx_word' id='word_1_315' title='bbox 465 2765 562 2810; x_wconf 87' lang='lat' dir='ltr'><strong>tamen</strong></span> <span class='ocrx_word' id='word_1_316' title='bbox 574 2758 650 2812; x_wconf 90' lang='lat' dir='ltr'><strong>hunc</strong></span> <span class='ocrx_word' id='word_1_317' title='bbox 661 2775 773 2811; x_wconf 88' lang='lat' dir='ltr'><strong>sensum</strong></span> <span class='ocrx_word' id='word_1_318' title='bbox 785 2756 865 2811; x_wconf 87' lang='lat' dir='ltr'><strong>verbi</strong></span> <span class='ocrx_word' id='word_1_319' title='bbox 872 2761 1021 2879; x_wconf 52' lang='lat' dir='ltr'><strong>prpapflcetdiaj</strong></span> 
     </span>
     <span class='ocr_line' id='line_1_47' title="bbox 959 2842 1021 2879; baseline 0.016 -1"><span class='ocrx_word' id='word_1_320' title='bbox 959 2842 974 2878; x_wconf 90' lang='lat' dir='ltr'><strong>e</strong></span> <span class='ocrx_word' id='word_1_321' title='bbox 995 2842 1021 2879; x_wconf 85' lang='lat' dir='ltr'><strong>ri</strong></span> 
     </span>
    </p>
   </div>
   <div class='ocr_carea' id='block_1_15' title="bbox 63 2895 1021 2967">
    <p class='ocr_par' dir='ltr' id='par_1_16' title="bbox 10 2895 1021 2967">
     <span class='ocr_line' id='line_1_48' title="bbox 63 2895 1021 2967; baseline -0.002 -14.105"><span class='ocrx_word' id='word_1_322' title='bbox 63 2898 194 2953; x_wconf 75' lang='lat' dir='ltr'><strong>fatuam</strong></span> <span class='ocrx_word' id='word_1_323' title='bbox 204 2900 248 2965; x_wconf 85' lang='lat' dir='ltr'><strong>IV,</strong></span> <span class='ocrx_word' id='word_1_324' title='bbox 255 2902 279 2954; x_wconf 89' lang='lat'><strong>9.</strong></span> <span class='ocrx_word' id='word_1_325' title='bbox 289 2906 385 2967; x_wconf 89' lang='lat' dir='ltr'><strong>aperte</strong></span> <span class='ocrx_word' id='word_1_326' title='bbox 397 2895 538 2964; x_wconf 83' lang='lat' dir='ltr'><strong>respexit?</strong></span> <span class='ocrx_word' id='word_1_327' title='bbox 556 2895 623 2959; x_wconf 89' lang='lat' dir='ltr'><strong>Quis</strong></span> <span class='ocrx_word' id='word_1_328' title='bbox 637 2896 736 2949; x_wconf 86' lang='lat' dir='ltr'><strong>deiude</strong></span> <span class='ocrx_word' id='word_1_329' title='bbox 748 2895 840 2948; x_wconf 84' lang='lat' dir='ltr'><strong>verbis</strong></span> <span class='ocrx_word' id='word_1_330' title='bbox 852 2899 953 2950; x_wconf 87' lang='lat' dir='ltr'><strong>nostin’</strong></span> <span class='ocrx_word' id='word_1_331' title='bbox 964 2898 1021 2951; x_wconf 87' lang='lat' dir='ltr'><strong>Ve-</strong></span> 
     </span>
    </p>
   </div>
   <div class='ocr_carea' id='block_1_16' title="bbox 63 2966 1023 3172">
    <p class='ocr_par' dir='ltr' id='par_1_17' title="bbox 63 2966 1023 3172">
     <span class='ocr_line' id='line_1_49' title="bbox 64 2966 1022 3046; baseline -0.008 -23"><span class='ocrx_word' id='word_1_332' title='bbox 64 2970 138 3023; x_wconf 82' lang='lat' dir='ltr'><strong>ctidi</strong></span> <span class='ocrx_word' id='word_1_333' title='bbox 144 2969 280 3041; x_wconf 81' lang='lat' dir='ltr'><strong>praedia?</strong></span> <span class='ocrx_word' id='word_1_334' title='bbox 289 2993 320 3006; x_wconf 91' lang='lat'>-</span> <span class='ocrx_word' id='word_1_335' title='bbox 337 2970 423 3044; x_wconf 70' lang='lat' dir='ltr'><strong>pices</strong></span> <span class='ocrx_word' id='word_1_336' title='bbox 433 2980 496 3019; x_wconf 83' lang='lat' dir='ltr'><strong>arat</strong></span> <span class='ocrx_word' id='word_1_337' title='bbox 509 2966 620 3045; x_wconf 59' lang='lat' dir='ltr'><strong>duribus</strong></span> <span class='ocrx_word' id='word_1_338' title='bbox 634 2974 688 3018; x_wconf 91' lang='lat' dir='ltr'><strong>etc.</strong></span> <span class='ocrx_word' id='word_1_339' title='bbox 704 2969 905 3046; x_wconf 80' lang='lat' dir='ltr'><strong>Imperatorem</strong></span> <span class='ocrx_word' id='word_1_340' title='bbox 918 2966 1022 3016; x_wconf 87' lang='lat' dir='ltr'><strong>Rorna-</strong></span> 
     </span>
     <span class='ocr_line' id='line_1_50' title="bbox 63 3032 1021 3103; baseline -0.006 -12"><span class='ocrx_word' id='word_1_341' title='bbox 63 3052 170 3091; x_wconf 86' lang='lat' dir='ltr'><strong>norum</strong></span> <span class='ocrx_word' id='word_1_342' title='bbox 189 3034 377 3087; x_wconf 79' lang='lat' dir='ltr'><strong>intellexerit?</strong></span> <span class='ocrx_word' id='word_1_343' title='bbox 402 3037 463 3102; x_wconf 89' lang='lat' dir='ltr'><strong>Ipse</strong></span> <span class='ocrx_word' id='word_1_344' title='bbox 483 3034 564 3086; x_wconf 91' lang='lat' dir='ltr'><strong>huius</strong></span> <span class='ocrx_word' id='word_1_345' title='bbox 585 3042 822 3103; x_wconf 79' lang='lat' dir='ltr'><strong>interpretationis</strong></span> <span class='ocrx_word' id='word_1_346' title='bbox 836 3040 935 3085; x_wconf 87' lang='lat' dir='ltr'><strong>auctor</strong></span> <span class='ocrx_word' id='word_1_347' title='bbox 948 3032 1021 3087; x_wconf 81' lang='lat' dir='ltr'><strong>hene</strong></span> 
     </span>
     <span class='ocr_line' id='line_1_51' title="bbox 63 3101 1023 3172; baseline -0.005 -13"><span class='ocrx_word' id='word_1_348' title='bbox 63 3104 153 3159; x_wconf 85' lang='lat' dir='ltr'><strong>sensit</strong></span> <span class='ocrx_word' id='word_1_349' title='bbox 174 3104 383 3156; x_wconf 84' lang='lat' dir='ltr'><strong>difficultatem:</strong></span> <span class='ocrx_word' id='word_1_350' title='bbox 409 3119 496 3170; x_wconf 84' lang='lat' dir='ltr'><strong>quare</strong></span> <span class='ocrx_word' id='word_1_351' title='bbox 513 3102 627 3155; x_wconf 90' lang='lat' dir='ltr'><strong>nomine</strong></span> <span class='ocrx_word' id='word_1_352' title='bbox 644 3103 778 3156; x_wconf 90' lang='lat' dir='ltr'><strong>mutando</strong></span> <span class='ocrx_word' id='word_1_353' title='bbox 790 3101 971 3172; x_wconf 70' lang='lat' dir='ltr'><strong>nequidem,</strong></span> <span class='ocrx_word' id='word_1_354' title='bbox 989 3108 1023 3154; x_wconf 87' lang='lat' dir='ltr'><strong>ut</strong></span> 
     </span>
    </p>
   </div>
   <div class='ocr_carea' id='block_1_17' title="bbox 33 3171 1022 3243">
    <p class='ocr_par' dir='ltr' id='par_1_18' title="bbox 33 3171 1022 3243">
     <span class='ocr_line' id='line_1_52' title="bbox 33 3171 1022 3243; baseline 0 -18"><span class='ocrx_word' id='word_1_355' title='bbox 33 3218 37 3225; x_wconf 94' lang='lat'><strong>.</strong></span> <span class='ocrx_word' id='word_1_356' title='bbox 63 3172 197 3229; x_wconf 80' lang='lat' dir='ltr'><strong>Claudius</strong></span> <span class='ocrx_word' id='word_1_357' title='bbox 217 3173 305 3243; x_wconf 87' lang='lat' dir='ltr'><strong>magis</strong></span> <span class='ocrx_word' id='word_1_358' title='bbox 324 3171 518 3241; x_wconf 81' lang='lat' dir='ltr'><strong>insigniretur,</strong></span> <span class='ocrx_word' id='word_1_359' title='bbox 547 3189 579 3224; x_wconf 88' lang='lat' dir='ltr'><strong>ex</strong></span> <span class='ocrx_word' id='word_1_360' title='bbox 599 3172 705 3243; x_wconf 78' lang='lat' dir='ltr'><strong>laqueis</strong></span> <span class='ocrx_word' id='word_1_361' title='bbox 723 3171 813 3224; x_wconf 81' lang='lat' dir='ltr'><strong>voluit</strong></span> <span class='ocrx_word' id='word_1_362' title='bbox 833 3187 863 3223; x_wconf 90' lang='lat' dir='ltr'><strong>se</strong></span> <span class='ocrx_word' id='word_1_363' title='bbox 882 3171 1022 3241; x_wconf 80' lang='lat' dir='ltr'><strong>expedire.</strong></span> 
     </span>
    </p>
   </div>
   <div class='ocr_carea' id='block_1_18' title="bbox 62 3238 1021 3378">
    <p class='ocr_par' dir='ltr' id='par_1_19' title="bbox 62 3238 1021 3378">
     <span class='ocr_line' id='line_1_53' title="bbox 62 3238 1021 3310; baseline -0.007 -13"><span class='ocrx_word' id='word_1_364' title='bbox 62 3242 160 3297; x_wconf 71' lang='lat' dir='ltr'><strong>scribi</strong></span> <span class='ocrx_word' id='word_1_365' title='bbox 173 3242 234 3294; x_wconf 88' lang='lat' dir='ltr'><strong>ruit</strong></span> <span class='ocrx_word' id='word_1_366' title='bbox 244 3244 364 3306; x_wconf 85' lang='lat' dir='ltr'><strong>Ventidi,</strong></span> <span class='ocrx_word' id='word_1_367' title='bbox 383 3240 510 3294; x_wconf 86' lang='lat' dir='ltr'><strong>adductis</strong></span> <span class='ocrx_word' id='word_1_368' title='bbox 523 3249 672 3310; x_wconf 85' lang='lat' dir='ltr'><strong>propterea</strong></span> <span class='ocrx_word' id='word_1_369' title='bbox 688 3239 813 3292; x_wconf 86' lang='lat' dir='ltr'><strong>suetonii</strong></span> <span class='ocrx_word' id='word_1_370' title='bbox 824 3239 915 3292; x_wconf 85' lang='lat' dir='ltr'><strong>verbis</strong></span> <span class='ocrx_word' id='word_1_371' title='bbox 927 3259 952 3295; x_wconf 85' lang='lat' dir='ltr'><strong>c.</strong></span> <span class='ocrx_word' id='word_1_372' title='bbox 967 3238 1021 3295; x_wconf 73' lang='lat' dir='ltr'><strong>st:</strong></span> 
     </span>
     <span class='ocr_line' id='line_1_54' title="bbox 63 3309 1021 3378; baseline -0.004 -15"><span class='ocrx_word' id='word_1_373' title='bbox 63 3310 239 3363; x_wconf 86' lang='lat' dir='ltr'><strong>“meditatus</strong></span> <span class='ocrx_word' id='word_1_374' title='bbox 255 3310 394 3372; x_wconf 85' lang='lat' dir='ltr'><strong>edictum,</strong></span> <span class='ocrx_word' id='word_1_375' title='bbox 414 3326 469 3377; x_wconf 90' lang='lat' dir='ltr'><strong>quo</strong></span> <span class='ocrx_word' id='word_1_376' title='bbox 489 3310 598 3364; x_wconf 84' lang='lat' dir='ltr'><strong>veniam</strong></span> <span class='ocrx_word' id='word_1_377' title='bbox 613 3309 692 3361; x_wconf 90' lang='lat' dir='ltr'><strong>daret</strong></span> <span class='ocrx_word' id='word_1_378' title='bbox 706 3309 807 3360; x_wconf 90' lang='lat' dir='ltr'><strong>flatum</strong></span> <span class='ocrx_word' id='word_1_379' title='bbox 827 3310 1021 3378; x_wconf 83' lang='lat' dir='ltr'><strong>crepitumque</strong></span> 
     </span>
    </p>
   </div>
   <div class='ocr_carea' id='block_1_19' title="bbox 42 3376 1021 3445">
    <p class='ocr_par' dir='ltr' id='par_1_20' title="bbox 42 3376 1021 3445">
     <span class='ocr_line' id='line_1_55' title="bbox 42 3376 1021 3445; baseline -0.01 -8"><span class='ocrx_word' id='word_1_380' title='bbox 42 3430 47 3437; x_wconf 88' lang='lat'><strong>.</strong></span> <span class='ocrx_word' id='word_1_381' title='bbox 62 3379 173 3435; x_wconf 78' lang='lat' dir='ltr'><strong>ventris</strong></span> <span class='ocrx_word' id='word_1_382' title='bbox 186 3378 216 3433; x_wconf 89' lang='lat' dir='ltr'><strong>iii</strong></span> <span class='ocrx_word' id='word_1_383' title='bbox 230 3378 358 3433; x_wconf 77' lang='lat' dir='ltr'><strong>convivio</strong></span> <span class='ocrx_word' id='word_1_384' title='bbox 372 3376 498 3435; x_wconf 88' lang='lat' dir='ltr'><strong>edendi.”</strong></span> <span class='ocrx_word' id='word_1_385' title='bbox 516 3382 621 3437; x_wconf 82' lang='lat' dir='ltr'><strong>Verum</strong></span> <span class='ocrx_word' id='word_1_386' title='bbox 632 3379 655 3431; x_wconf 88' lang='lat' dir='ltr'><strong>si</strong></span> <span class='ocrx_word' id='word_1_387' title='bbox 668 3378 723 3430; x_wconf 88' lang='lat' dir='ltr'><strong>hoc</strong></span> <span class='ocrx_word' id='word_1_388' title='bbox 735 3376 842 3431; x_wconf 89' lang='lat' dir='ltr'><strong>Persius</strong></span> <span class='ocrx_word' id='word_1_389' title='bbox 856 3378 941 3431; x_wconf 89' lang='lat' dir='ltr'><strong>tacite</strong></span> <span class='ocrx_word' id='word_1_390' title='bbox 954 3389 1021 3445; x_wconf 89' lang='lat' dir='ltr'><strong>spe·</strong></span> 
     </span>
    </p>
   </div>
   <div class='ocr_carea' id='block_1_20' title="bbox 109 3454 815 3527">
    <p class='ocr_par' dir='ltr' id='par_1_21' title="bbox 109 3454 815 3527">
     <span class='ocr_line' id='line_1_56' title="bbox 109 3454 815 3527; baseline -0.004 -17"><span class='ocrx_word' id='word_1_391' title='bbox 109 3473 233 3511; x_wconf 76' lang='lat' dir='ltr'><strong>samius.</strong></span> <span class='ocrx_word' id='word_1_392' title='bbox 654 3520 658 3527; x_wconf 92' lang='lat'><strong>.</strong></span> <span class='ocrx_word' id='word_1_393' title='bbox 790 3454 815 3507; x_wconf 82' lang='lat' dir='ltr'><strong>E</strong></span> 
     </span>
    </p>
   </div>
   <div class='ocr_carea' id='block_1_21' title="bbox 0 0 1232 4110">
    <p class='ocr_par' dir='ltr' id='par_1_22' title="bbox 0 0 1232 4110">
     <span class='ocr_line' id='line_1_57' title="bbox 0 0 1232 4110; baseline 0 1"><span class='ocrx_word' id='word_1_394' title='bbox 0 0 1232 4110; x_wconf 95' lang='lat' dir='ltr'><strong> </strong></span> 
     </span>
    </p>
   </div>
  </div>
 </body>
</html>
