2454 4110
127 364 171 431 56
419 359 787 417 uuuouumoues.

127 509 276 565 iuvenitur.
305 506 446 561 Nimirum
461 507 530 559 illud
543 505 634 573 primo
650 521 736 573 supra
747 508 811 561 licet
826 506 970 577 scriptum,
986 515 1021 561 ut
1034 522 1083 561 an·

126 578 269 633 tecedeuti
281 584 359 633 Haec
370 574 559 645 responderet,
571 575 606 626 ab
622 574 713 625 altero
728 575 757 627 in
769 584 877 628 textrun
895 576 1008 629 illatum
1026 584 1084 629 esta

128 668 184 719 quo
197 647 282 701 modo
300 662 388 717 quum
409 660 505 695 rursm
524 644 593 695 aliua
615 660 726 695 versam
738 661 795 696 uon
810 654 939 697 constare
955 644 1084 697 animad-
1122 643 1129 666 ¹

126 726 251 771 uerteret
283 713 422 785 particula
436 727 464 767 ee
476 720 541 763 ante
553 728 584 765 ue
597 710 683 777 illata,
699 717 790 767 uivere
805 714 928 767 delevit·
951 716 1085 767 aeterum

127 805 186 841 non
199 755 284 838 facile
297 785 359 837 fieri
370 781 470 851 potuit,
489 790 519 832 ut
530 780 638 833 Persius
652 781 862 835 conclusionem
873 782 1085 839 adversariire-

127 856 223 909 futans
237 855 267 905 in
281 851 373 906 verbis
385 851 442 901 eius
454 849 607 919 quidquam
620 858 752 903 mutaret.

197 926 244 979 Vs.
261 925 305 976 90.
322 924 429 975 Masuri
438 920 547 970 rubrica
557 946 591 956 -
604 919 622 972 i.
636 934 659 973 e.
678 918 754 987 leges
769 919 872 976 civiles.
900 925 942 975 lta
955 920 1035 991 leges
1048 920 1085 973 ti-

129 992 274 1065 gnilicare,
288 988 369 1041 sicuti
381 986 466 1038 etiam
480 1001 531 1065 per
544 985 649 1053 album,
667 988 754 1039 moris
768 998 830 1041 erat
843 990 989 1057 Romanis,
1008 988 1085 1059 apud

129 1077 199 1133 quos
211 1069 309 1111 eorum
323 1056 416 1125 capita
430 1063 458 1107 et
471 1054 546 1106 utuli
559 1056 673 1109 rubrica
687 1057 803 1111 eminio
817 1059 995 1111 notabantur.
1012 1058 1085 1111 Hine

129 1128 265 1185 luvenalis
282 1128 323 1191 14,
342 1125 400 1182 193.
419 1124 487 1177 dixit
501 1126 597 1179 rubras
615 1130 747 1181 viciorum
765 1129 853 1198 leges,
872 1126 1001 1179 sidonius
1016 1128 1044 1193 6,
1057 1128 1085 1181 8.

126 1201 306 1274 peremtorias
319 1198 457 1254 rubricasr
476 1193 640 1247 Prudentius
654 1194 715 1249 adv.
734 1196 892 1265 symmach.
909 1200 936 1261 2,
955 1194 1019 1251 461.
1036 1209 1085 1249 aut

130 1291 179 1323 cur
191 1269 300 1321 rubrica
312 1268 439 1329 minetur,
447 1270 522 1331 Quae
527 1268 771 1336 prohibetpeccare
782 1269 863 1319 reos?
880 1264 941 1317 Vid.
948 1264 1085 1317 Schuetz.

130 1338 166 1391 de
181 1353 287 1388 ornam.
304 1334 383 1386 lihrr.
410 1336 471 1395 Quo
482 1332 516 1383 de
531 1350 615 1385 causa
628 1334 817 1402 inopportuna
831 1342 873 1385 est
885 1334 1007 1386 Meisteri
1028 1332 1086 1387 h.l.

130 1405 279 1469 subtilitas,
287 1418 374 1471 qnam
382 1402 457 1466 dicit,
465 1404 589 1453 Persium
601 1400 707 1453 idcirco
719 1404 842 1470 posuisse
849 1402 983 1468 rubricas,
990 1411 1025 1455 ut
1036 1402 1086 1453 ho·

85 1510 88 1515 -
129 1476 237 1528 minem
243 1468 715 1535 misticum'etincultumindiearet,
725 1472 806 1523 cuiin
818 1480 880 1524 toto
887 1470 1001 1523 Masurii
1012 1470 1086 1523 libro

129 1542 201 1597 nihil
213 1548 272 1591 tam
286 1537 442 1607 placuisset,
452 1552 538 1606 quam
549 1536 626 1589 tituli
636 1547 665 1591 et
678 1540 769 1607 capita
777 1540 989 1611 miniopulchre
1000 1540 1087 1608 pictor

198 1610 244 1663 Va.
261 1610 306 1664 92.
323 1609 404 1659 lluuc
418 1622 531 1659 versum
545 1608 613 1658 citat
624 1610 721 1660 Petrus
731 1608 865 1661 Blesensis
880 1610 958 1679 epist.
970 1612 1019 1661 ΙΙΙ.

198 1679 244 1730 Vs.
262 1679 322 1734 118.
340 1684 415 1743 Quae
432 1696 516 1746 supra
533 1677 668 1738 dederam,
685 1692 777 1745 repeto
794 1705 829 1717 ·-
845 1679 942 1730 Petrus
957 1677 1088 1727 Pithoeus

130 1750 160 1800 iu
176 1746 305 1798 thesauro
329 1744 390 1799 erit.
409 1742 522 1795 Gruteri
541 1750 560 1793 t.
575 1746 609 1794 ll.
627 1759 655 1809 p.
669 1746 739 1797 tau:
774 1746 837 1797 “Ex
851 1746 993 1798 veteribus
1008 1743 1089 1797 libri·

130 1814 323 1885 recipiendum
335 1820 377 1863 est
386 1811 487 1881 relego:
502 1809 543 1861 Cf.
556 1812 651 1861 Horat.
667 1811 747 1877 epod.
761 1813 788 1876 2,
803 1815 847 1868 69.
882 1818 1002 1865 Omnem
1016 1813 1089 1865 rele-

131 1886 174 1957 git
190 1884 282 1937 idibus
298 1879 459 1951 peemriam,
477 1878 592 1941 Quaerit
603 1878 734 1931 Kalendis
750 1884 883 1947 ponere.”
917 1881 972 1933 Sed
985 1882 1030 1933 ihi
1042 1897 1090 1933 aa·

132 1963 212 2008 otore
225 1950 348 2003 Bentleio
361 1952 469 2021 redegit
476 1964 552 2000 nunc
568 1946 704 2017 scriptum
712 1949 846 2017 videmus,
863 1964 955 2019 aeque
967 1950 1091 2003 verbum

132 2022 207 2077 istud
222 2022 250 2074 h.
262 2021 282 2072 l.
300 2018 428 2089 quadrat.

200 2094 246 2143 Vs.
266 2090 322 2145 130.
339 2092 406 2160 quin
416 2103 447 2140 tu
460 2089 619 2163 impunitior
629 2083 917 2157 exis-Interrogatio
932 2102 998 2138 cum
1011 2091 1088 2159 quia,

133 2159 211 2229 quod
223 2157 363 2209 Passouius
379 2164 408 2207 et
424 2155 486 2208 cod.
506 2155 644 2213 Parismus
658 2156 752 2219 habet,
767 2158 803 2208 ab
818 2154 980 2208 Achaintrio
991 2163 1090 2209 tamea

133 2227 296 2299 neglectum
312 2233 364 2289 est,
385 2224 515 2275 acerbior
530 2231 558 2274 et
571 2225 661 2293 magis
673 2224 785 2276 satirica
801 2234 852 2281 est.
1013 2236 1027 2257 ¹·

200 2297 247 2348 Vs.
265 2292 324 2348 134.
334 2296 438 2344 —Eni
449 2294 515 2362 quid
526 2294 629 2361 agam?
641 2297 781 2361 Rogitas?
798 2299 843 2347 En
854 2312 889 2347 se
907 2293 1021 2351 erdem!
1038 2293 1091 2346 od·

132 2365 199 2418 vaire
212 2368 245 2415 P.
263 2375 423 2423 castoreum,
441 2384 478 2397 -·
496 2360 626 2409 ltarecte
639 2359 823 2427 Acbaintrius,
841 2370 874 2412 ut
924 2360 992 2413 bant
1003 2359 1092 2429 pleri-

175 2447 190 2483 e
202 2430 262 2481 eius
272 2424 398 2493 codices,
418 2434 447 2478 et
462 2424 682 2492 Ghemniceusis‚
701 2444 826 2481 necnon
840 2430 1011 2499 antiquiores
1027 2428 1091 2481 edi-

132 2510 232 2553 tiones.
269 2503 313 2549 En
327 2498 466 2567 saperdas,
484 2494 561 2564 quod
572 2494 602 2545 in
614 2494 792 2550 Wimariensi
805 2507 834 2550 et
849 2498 1016 2568 quibusdam
1027 2497 1090 2550 aliia

133 2568 288 2631 iuvenitur,
308 2564 383 2634 quod
403 2581 438 2615 ua
456 2572 547 2616 metro
568 2563 744 2633 adversatur,
763 2584 845 2619 eausa
864 2566 1089 2633 interceditur,

134 2655 186 2693 cur
197 2635 227 2688 in
236 2632 377 2689 nonnullis
406 2634 411 2644 ’
432 2633 470 2684 ris
487 2632 582 2685 solum
601 2638 733 2706 saperdae
743 2635 902 2707 legeretur,
918 2634 1001 2687 acati
1012 2634 1090 2687 idem

133 2706 242 2761 pithoei
253 2702 405 2757 lectionem
419 2706 544 2773 Ecquid
558 2706 661 2774 agam?
679 2710 795 2775 Rogat?
812 2726 846 2759 en
856 2708 989 2777 saperdas
1003 2706 1091 2757 adve-

134 2780 169 2833 he
182 2782 215 2831 P.
236 2769 436 2843 procreaverit.
454 2773 561 2825 virum
573 2776 618 2824 En
629 2776 794 2844 saperdcm!
809 2772 892 2826 unice
906 2782 1019 2825 rectum
1030 2786 1091 2824 esse

134 2854 194 2899 tam
213 2844 345 2896 codicum
364 2855 523 2906 consensus,
579 2856 627 2892 am
645 2840 732 2909 ipsius
749 2843 920 2909 sententiae,
937 2857 1009 2912 quiae
1022 2840 1091 2893 inde

135 2914 236 2979 oritur,
252 2911 324 2965 ratio
338 2917 367 2961 et
379 2908 499 2979 gravitas
543 2907 548 2918 ’
570 2908 582 2961 i
603 2909 748 2976 persuasit.
780 2912 864 2964 Modo
876 2926 913 2963 ue
924 2909 1090 2976 Aehaintrii,

136 2993 165 3036 et
179 2999 252 3053 quoe
270 2979 369 3034 eadem
382 2985 438 3043 est,
462 2978 584 3029 Donneri
596 2978 796 3046 expositionem
809 2981 857 3031 “0
870 2980 1017 3031 hominem
1028 2977 1092 3030 vilis

135 3052 228 3122 pretii,
244 3049 389 3103 hominem
402 3044 522 3097 similem
532 3046 680 3115 saperdae!
691 3051 707 3077 '’
724 3050 883 3116 probemus.
900 3048 1026 3119 Saporda
1036 3055 1091 3114 est,

135 3119 314 3173 Archestrato
336 3122 453 3168 auctora
472 3114 547 3182 apud
567 3115 739 3169 Athenaeum
753 3117 779 3184 3,
791 3120 836 3173 80.
851 3114 985 3172 ποντικὸν
1002 3111 1090 3185 ὄψον,

136 3204 215 3241 merx
234 3187 285 3238 etsi
306 3184 444 3251 vilissima,
461 3200 520 3236 uon
534 3184 744 3251 mastauron,
761 3204 795 3240 ac
807 3188 943 3257 pretiosa,
960 3184 997 3237 ab
1010 3186 1092 3237 iner-

136 3254 234 3327 plebili
252 3253 384 3306 avaritiae
408 3252 562 3333 cupiditate
585 3256 716 3322 appetita.
750 3258 785 3308 Et
801 3274 891 3379 paam
915 3254 991 3308 belle
1015 3253 1090 3307 hoel

138 3342 224 3395 quam
239 3332 303 3393 apte
317 3322 464 3390 braduae,
482 3321 557 3392 quod
570 3321 715 3375 hominem
731 3323 785 3394 ipsi
821 3326 926 3386 adipum
942 3340 1028 3393 aegre
1044 3340 1093 3374 er-

138 3396 208 3447 citat
227 3395 263 3447 ad
282 3392 409 3459 lucrum,
426 3392 508 3461 eique
568 3392 610 3445 asi
630 3408 645 3443 e
663 3390 761 3464 longin
801 3413 819 3448 o
834 3392 1092 3530 fflp⁰¹dm¹¹’pii¹‡{⁹

137 3463 231 3532 ipsum
264 3468 421 3533 exspectet,
453 3469 535 3515 osten
556 3461 588 3516 it.
629 3462 728 3533 Neque
754 3480 772 3517 o
792 3471 848 3517 stat
870 3461 939 3515 huic
968 3478 1001 3515 er
1079 3490 1092 3501 -
