2454 4110
408 220 415 245 l

436 305 807 366 luuoncmoues.
917 262 921 269 ¹
970 302 973 309 '
1017 294 1141 375 ''45'·

125 430 232 519 'sabim
250 453 421 525 calidumque
441 457 575 506 trientem.
610 453 651 506 el.
672 453 804 508 Triental.
821 457 947 523 Propert.
963 455 990 521 3,
1008 457 1033 517 8,
1051 457 1095 512 29.

138 529 229 588 Quum
251 522 337 591 fuerit
358 523 452 576 multis
478 537 576 577 exacta
596 525 742 577 trientibus
761 526 838 579 hora.
873 525 1096 592 stellartius,

130 592 182 711 ,861
203 599 443 716 (lignidi-110.
474 661 530 711 Hos
552 676 647 711 versus
678 659 790 713 medico
818 669 847 714 et
860 660 1031 716 adolescenti
1056 663 1096 716 ita

135 727 245 797 tribui,
261 736 295 780 ut
312 745 329 780 a
343 729 471 782 Passovio
487 738 515 781 et
529 729 633 782 Orellio
646 728 757 782 factum
772 738 821 783 est.

453 882 785 951 snc1neIV.

204 1000 313 1054 Persius
327 1000 357 1053 in
370 1000 425 1053 hac
437 1010 537 1069 quarta
547 1003 632 1054 satira
646 1003 732 1055 nimia
746 1020 812 1055 cum
825 1002 979 1056 acerbitate
992 1018 1040 1057 eos
1051 1003 1096 1055 in·

133 1077 278 1136 secutur,
322 1071 350 1121 ui
368 1070 397 1121 in
416 1070 508 1122 aliena
526 1071 593 1121 vitia
615 1072 766 1141 diligenter
786 1072 950 1140 inquirunt,
976 1072 1024 1124 sed
1045 1088 1096 1125 sua

132 1136 262 1208 ipserum
275 1089 321 1191 vd
333 1140 465 1210 ignorant
478 1138 522 1190 vel
537 1138 711 1192 dissimilent.
747 1142 880 1202 Quaeres
894 1158 982 1210 quum
996 1142 1025 1192 in
1037 1141 1095 1209 pri·

130 1207 190 1260 mis
202 1209 303 1260 satirae
315 1209 440 1261 versibus
453 1208 504 1259 sub
512 1207 662 1259 Alcibiadis
673 1225 793 1276 persona
803 1218 1001 1276 pertractetur,
1016 1209 1095 1263 dete·

132 1285 184 1328 cta
202 1287 251 1329 estv
262 1277 321 1330 iam
339 1277 459 1346 antiquis
477 1276 651 1344 temporibus
671 1294 688 1328 a
705 1276 771 1328 viris
786 1278 875 1329 doctis
892 1279 967 1329 inter
987 1295 1052 1329 eum
1066 1287 1094 1331 et

131 1340 279 1399 Neronem
287 1346 441 1398 similitudo
449 1345 596 1415 quaedam,
605 1362 662 1397 non
677 1345 791 1415 quidem
804 1347 832 1398 in
842 1347 956 1417 singulis
988 1348 1093 1401 artibus

131 1415 255 1484 proheta
268 1415 457 1486 argumentis,
474 1415 523 1467 sed
543 1415 572 1467 in
585 1415 745 1467 universum
758 1424 852 1467 sumta
867 1425 895 1467 et
908 1432 956 1468 cre
979 1417 1031 1482 ta,
1049 1416 1093 1468 in-

131 1483 247 1537 terdum
260 1485 361 1547 etiarn,
379 1484 455 1554 quod
470 1483 584 1553 quidem
599 1484 775 1537 Casaubcnus
789 1485 867 1553 iecit,
885 1485 979 1556 aliquo
992 1486 1093 1539 saltem

131 1552 221 1605 :nodo
240 1554 273 1606 in
293 1554 409 1606 dubium
431 1561 540 1607 vocata.
574 1558 682 1606 Verum
704 1554 849 1609 Meisterus
864 1571 955 1624 nuper
968 1555 998 1607 in
1015 1572 1093 1608 com·

130 1623 307 1675 mentatione
325 1623 356 1674 in
374 1622 461 1674 Persii
480 1626 538 1676 Sat.
554 1624 600 1678 1v.
618 1623 737 1678 Traiect.
760 1624 796 1675 ad
816 1623 910 1676 Viadr.
928 1626 1003 1679 1807.
1022 1625 1093 1677 etin

129 1691 289 1743 novissimis
299 1691 417 1759 Studiis,
437 1699 465 1743 et
477 1700 543 1743 ante
556 1707 622 1743 eum
635 1692 713 1755 selis,
731 1692 948 1773 kancegenum
965 1692 996 1744 in
1007 1693 1092 1760 libro,

131 1759 185 1829 qui
195 1765 381 1815 Dissertation
391 1782 438 1815 sur
448 1767 531 1815 Perse
548 1761 632 1814 Paris.
655 1761 730 1815 1783.
748 1760 927 1827 inscribitur,
947 1761 1031 1813 etiam
1043 1762 1093 1814 de-

130 1837 294 1882 monstrare
307 1830 403 1882 conati
415 1838 567 1900 sunt,quae
579 1831 609 1881 in
621 1830 795 1889 Alcibiadem
808 1831 838 1882 in
849 1830 903 1882 hac
917 1831 1001 1882 satira
1016 1829 1092 1883 dicta

131 1907 235 1962 essent,
245 1900 349 1952 Neroni
359 1907 437 1951 recte
447 1898 688 1950 accommodanda
701 1915 767 1958 esse,
776 1908 804 1952 et
814 1899 865 1950 ille
880 1900 994 1968 quidem
1006 1900 1092 1951 tantis

128 1965 281 2026 doctrinae
296 1967 392 2034 copiis,
404 1975 540 2033 tantoque
552 1967 657 2033 ingenii
668 1968 806 2033 acumine,
818 1975 850 2017 ut
862 1975 922 2018 tota
936 1968 994 2019 eius
1009 1985 1092 2037 argu·

127 2034 270 2087 mentatio
283 2034 319 2085 ab
335 2035 423 2084 altera
435 2041 515 2098 parte
531 2033 654 2098 permira
667 2032 789 2096 alliciat,
805 2032 841 2082 ab
863 2032 952 2086 altera
963 2044 1092 2102 suspecta

126 2100 278 2166 videatur,
305 2108 339 2152 ut
362 2099 465 2168 siquis
489 2106 585 2167 aperte
605 2098 677 2150 falsa
692 2098 806 2150 intentis
823 2098 929 2152 viribus
947 2101 1090 2163 defendat.

127 2175 313 2238 Quapropter
331 2168 474 2222 Passovius
495 2166 602 2238 optimo
620 2167 681 2221 iure
703 2168 936 2222 iurisconsultum
956 2170 1041 2225 illum
1059 2174 1091 2226 in

129 2255 257 2292 censura
264 2239 372 2292 lenensi
384 2256 401 2293 a
414 2247 514 2310 poetae
524 2238 638 2310 ingenio
652 2239 767 2321 eiusque
781 2238 931 2292 satirarum
938 2239 1033 2293 indole
1044 2259 1091 2295 re-

127 2307 248 2374 futavit,
268 2318 296 2360 et
317 2325 418 2361 censor
438 2309 632 2361 Donnerianae
657 2309 793 2361 versionis
814 2308 945 2362 adversus
969 2310 1091 2366 eundem

128 2377 161 2428 in
174 2376 272 2428 iisdem
286 2379 356 2431 actis
369 2377 512 2430 litterariis
528 2395 572 2431 an.
585 2381 661 2433 1822.
672 2396 699 2429 n.
710 2381 768 2434 199.
784 2379 940 2447 contendit,
955 2380 1090 2433 similitu-

129 2445 227 2498 dinem
236 2447 311 2499 inter
321 2440 496 2499 Alcrlriade'm
510 2456 537 2499 et
549 2447 730 2500 Neronemin
738 2447 792 2499 hac
802 2448 888 2499 satira
896 2459 1018 2503 sumtum
1031 2451 1090 2504 iam

130 2530 165 2567 ea
181 2514 216 2566 de
225 2531 308 2568 causa
320 2516 435 2585 probari
448 2534 505 2568 non
518 2533 606 2585 posse,
619 2515 695 2585 quod
709 2515 757 2568 hic
772 2517 928 2585 imperator
947 2522 1089 2573 Bouiano-

127 2600 197 2635 rum
214 2583 315 2650 fuerit,
332 2585 380 2637 ille
401 2585 432 2635 in
444 2585 534 2637 libera
547 2586 693 2654 republica
706 2584 814 2638 vixerit.
848 2589 888 2636 Ac
901 2588 1032 2655 profecto
1044 2590 1089 2641 lu-

127 2652 212 2705 brica
224 2661 266 2706 est
282 2653 417 2706 eiusmodi
430 2651 615 2720 comparatio,
623 2654 699 2722 quod
713 2654 827 2723 quidem
840 2653 905 2706 inde
919 2656 1024 2724 optime
1040 2675 1088 2711 co·

127 2720 288 2792 gnoscitur,
306 2723 329 2774 si
343 2723 418 2774 eain
434 2723 575 2774 nonnullis
588 2722 713 2791 partibus
726 2723 863 2775 violenter
876 2734 989 2792 arrepta
1002 2736 1051 2779 est.

199 2795 247 2844 Vs.
265 2795 291 2845 2
309 2795 422 2858 sortitio
430 2822 463 2831 —
475 2790 539 2847 vid.
550 2792 658 2859 loseph.
667 2791 767 2861 scalig.
777 2790 936 2844 Coniectan.
951 2810 1015 2864 pag.
1026 2797 1086 2850 126.

197 2860 244 2914 Vs.
262 2861 288 2915 8.
306 2866 402 2931 magni
420 2863 526 2932 pupille
545 2863 647 2914 Pericli
664 2889 699 2901 -
717 2860 862 2912 Meisterus
884 2861 1016 2929 opinatur
1033 2864 1085 2917 suh

125 2926 243 2982 Periclis
261 2946 381 2998 persona
392 2931 477 2981 tacite
488 2938 538 2981 aut
558 2929 713 2993 Burrhum‚
730 2938 780 2982 aut
800 2933 949 2997 Senecam,
967 2933 1086 2985 Neronis

126 3006 235 3049 tutores
243 3024 259 3059 ,·
269 2997 467 3068 intelligendos
488 3016 556 3051 esse.
591 2999 645 3051 Sed
668 3010 774 3067 quanta
793 3000 868 3050 inter
885 3008 1039 3070 utrumque
1056 3010 1086 3053 et

125 3067 265 3119 Periclem
277 3066 474 3120 dissimilitudo
486 3068 541 3118 fuit
554 3076 581 3119 et
593 3068 699 3137 ingenii
715 3079 742 3121 et
756 3069 882 3120 morum!
900 3071 977 3123 Haec
989 3071 1013 3123 ei
1025 3071 1085 3124 iro-

125 3135 176 3187 nia
189 3144 278 3201 esset,
295 3153 357 3188 eam
370 3138 498 3204 ineptam
511 3145 539 3188 et
549 3138 693 3190 inficetum
708 3138 892 3192 nominarem.

196 3207 241 3258 Vs.
249 3204 274 3259 4.
285 3214 313 3256 et
324 3213 349 3263 5.
368 3208 464 3274 Neque
477 3206 506 3257 in
518 3205 561 3257 his
572 3207 744 3276 comparatio
755 3207 873 3258 Neronis
886 3224 951 3260 cum
965 3208 1084 3263 Alcibia-

126 3271 163 3325 de
177 3273 247 3325 scite
259 3274 365 3326 institui
378 3283 485 3342 potest3
504 3275 551 3327 hic
568 3275 644 3329 ultro
661 3293 719 3328 sese
736 3275 858 3345 accingit
876 3276 912 3328 ed
926 3279 1084 3347 rempubli-

126 3359 193 3394 cam
208 3341 466 3409 administrandam,
486 3343 527 3394 illi
546 3354 688 3397 maturata
701 3344 788 3395 virilis
807 3352 875 3414 toga
886 3355 944 3414 e'st,
982 3365 1017 3399 uc
1032 3364 1083 3399 ca-

124 3410 280 3481 pessendae
291 3412 465 3483 reipublicae
472 3412 573 3467 habilis
585 3415 742 3479 viduetur,-
755 3412 832 3469 hunc
843 3417 946 3469 mentis
996 3415 1083 3471 critas
