2454 4110
228 324 272 395 53
404 340 407 345 ·
520 308 886 377 annovarmuas.

297 472 344 523 Vs.
362 466 421 524 159·
440 466 583 540 abripit—
597 464 650 518 atii
668 474 695 518 et
709 464 823 536 quidem
836 462 928 527 multi,
945 466 1047 535 arripit
1069 462 1090 518 i.
1106 479 1130 516 e.
1148 460 1179 513 ad
1210 448 1213 457 ¹

228 555 259 591 se
273 538 361 606 rapit,
380 537 443 589 cod.
458 536 606 600 Parisinus,
625 552 709 605 quern
722 534 897 587 Achaintrius
914 531 942 585 h.
959 531 979 584 l.
997 531 1138 602 neglexit,
1155 538 1180 584 et

229 606 434 660 Chemnicensia
449 608 565 679 abrupit,
584 622 639 674 quo
658 603 797 673 scriptura
811 606 914 674 abripit
923 601 1071 653 stabilitur.

296 679 343 737 vs.
363 676 422 730 172.
440 695 607 729 arcessor-
626 673 670 725 Sic
685 690 749 725 cum
763 671 866 723 Orellio
883 687 916 722 ex
933 669 1077 721 nonnullis
1095 668 1177 721 libris.

228 744 291 799 Vid.
309 749 364 800 Sat.
381 743 473 807 11‚45.
509 746 549 794 De
567 742 667 795 formis
686 763 793 795 accerso
809 749 838 792 et
856 760 964 793 arcesso
985 737 1040 790 vid.
1057 741 1136 791 Voss.
1152 740 1179 789 iu

228 813 384 883 Etymolog.
405 811 542 863 Bentleius
555 811 585 863 in
598 814 729 863 Terentio
743 811 846 878 ubique
859 812 970 862 aduerso
982 807 1091 859 scribit.

298 885 343 934 Vs.
362 882 420 935 174.
437 885 552 945 exieras,
575 901 624 933 nec
637 900 708 932 nunc
720 909 756 918 -
773 882 850 929 llanc
863 876 1016 929 lectionem
1034 876 1183 929 meliorent

230 950 353 1021 appellat
363 948 540 1000 Gasanbonus
547 985 558 1015 ,
577 956 605 999 et
620 955 707 1001 recte.
742 948 885 999 Sententia
901 954 955 997 est:
973 946 1016 997 Tu
1036 962 1096 997 non
1112 944 1178 997 liber

230 1038 269 1087 es,
285 1035 368 1089 quem
380 1034 431 1087 ego
445 1015 567 1069 liberum
580 1016 661 1068 dico:
680 1015 747 1067 alias
760 1024 789 1067 te
803 1032 877 1067 nunc
889 1014 995 1066 fortem
1013 1022 1043 1065 et
1055 1022 1183 1071 constan·¹

229 1098 289 1141 tem
303 1096 458 1156 praestares
471 1102 524 1137 nec
535 1094 595 1138 tam
604 1086 715 1137 mobilis
730 1102 801 1137 esses
813 1085 917 1136 animo.
938 1083 1066 1135 Alterum
1082 1081 1178 1134 aiacri-

229 1158 322 1209 bimus
339 1160 452 1221 exieris,
477 1154 532 1207 alia
552 1155 646 1207 existit
661 1155 816 1220 sententia,
834 1153 883 1205 sed
901 1153 993 1205 minus
1016 1157 1176 1221 opportuna.

230 1228 309 1278 Tunc
323 1225 390 1283 libri
402 1224 531 1276 nonnulli
549 1233 577 1276 et
595 1224 672 1277 editt.
691 1224 870 1293 antiquiores,
883 1226 990 1290 exieris,
1008 1242 1090 1288 nunc,
1107 1238 1177 1274 uuas.

297 1296 343 1350 Vs.
363 1294 420 1349 175.
441 1298 470 1347 in
481 1294 700 1365 festuca-vid.
718 1292 753 1344 de
765 1294 819 1344 hoc
832 1292 897 1344 loco
909 1290 991 1360 plura
1007 1289 1082 1359 apud
1095 1292 1177 1359 Ange·

230 1363 292 1417 lurn
308 1362 477 1415 Politianum
490 1362 519 1413 in
535 1363 689 1414 Observatt.
710 1370 738 1413 et
750 1360 905 1413 Emendatt.
925 1377 950 1412 c.
968 1360 1012 1415 98.

299 1434 350 1553 VdS
368 1438 425 1491 183.
448 1434 543 1483 Gauda
557 1430 765 1499 thynni-vid.
783 1429 891 1498 loseph.
910 1429 1011 1497 scalig.
1024 1426 1177 1480 Coniectare

253 1518 269 1552 a
290 1537 297 1557 .
351 1535 358 1550 .

231 1514 346 1619 ngs.
365 1567 424 1620 190.
452 1567 643 1636 Vulsenius-
657 1569 754 1619 Petrus
780 1567 883 1619 Petitus
903 1566 933 1619 in
950 1564 1066 1619 bliscell.
1092 1563 1179 1616 obser·

231 1643 300 1689 vatt.
320 1653 348 1705 p.
367 1638 427 1691 219.
445 1634 568 1705 lampad.
589 1637 698 1688 Gruter.
717 1638 897 1708 calphurnius
915 1634 1022 1709 scribit.

540 1785 878 1853 sAr1uAVl.

301 1907 347 1961 Vs.
364 1906 390 1961 3.
409 1920 529 1960 veterum
537 1908 688 1979 primordia
699 1926 793 1959 rocam
801 1933 835 1947 ·-
844 1906 935 1966 Quum
948 1903 982 1956 de
996 1905 1095 1957 Caesio
1108 1908 1179 1957 Bam

233 1984 317 2046 poeta
331 1974 436 2043 lyrico,
455 1984 483 2026 et
504 1976 537 2027 de
560 1975 616 2026 eius
634 1974 802 2027 carminibus
819 1972 889 2026 nihil
905 1975 976 2024 certi
992 1982 1120 2039 constet,
1136 1986 1180 2025 nec

234 2054 311 2098 certa
332 2053 502 2113 potestesse
522 2044 550 2095 h.
568 2044 720 2096 verborum
739 2042 942 2113 interpretatio.
975 2041 1181 2102 Difficultatem.

234 2131 305 2183 quae
317 2114 409 2165 verbis
423 2113 503 2178 inest,
520 2115 577 2164 iam
589 2123 695 2165 veteres
707 2114 872 2182 interpretes
885 2119 1039 2179 senserunt,
1055 2111 1092 2162 ad
1105 2122 1182 2180 quant

234 2181 349 2251 quidem
362 2181 517 2232 tollendam
530 2182 688 2233 faciliorem
700 2181 866 2234 invenerunt
877 2179 1028 2232 lectionem
1037 2180 1183 2252 primordia

234 2270 339 2313 rerum,
357 2258 390 2299 ut
407 2265 450 2316 ap.
477 2249 532 2300 Cic.
550 2250 656 2317 partitt.
675 2250 692 2302 7
701 2286 709 2314 ,
728 2259 755 2301 et
776 2254 888 2303 Lucret.
906 2252 934 2315 I,
954 2250 996 2302 50.
1024 2246 1071 2300 cui
1093 2256 1184 2297 tamen

233 2317 427 2385 recipiendae,
445 2326 578 2367 monente
600 2316 719 2382 Orellio,
743 2333 862 2371 ueterum
880 2317 1050 2371 adversatur.
1089 2320 1183 2369 Voeuu

235 2391 390 2456 agnoscunt
411 2383 580 2449 scholiastes,
597 2384 724 2453 plerique
744 2387 853 2438 codices
875 2386 1042 2453 Achaintrii,
1061 2381 1184 2436 Chemni·

235 2452 333 2516 censis,
350 2451 467 2504 Wimar.
487 2460 514 2502 et
528 2453 657 2523 antiquae
671 2453 813 2510 editiones.
852 2458 926 2506 Haec
941 2464 1036 2506 tamen
1047 2470 1084 2505 ne
1125 2470 1139 2504 e
1153 2450 1185 2502 de

236 2521 414 2587 carminibus,
424 2522 723 2590 quaeorationesoluta
735 2525 894 2594 antiquiora
906 2533 977 2587 sunt,
985 2538 1091 2595 neqttffi
1110 2539 1125 2574 e
1138 2521 1184 2588 hy·

235 2592 317 2654 mnis,
325 2591 424 2659 quibus
433 2591 514 2641 Divos
522 2600 549 2643 et
557 2592 689 2643 virtutem
703 2593 878 2645 victorumin
892 2593 977 2644 sacris
992 2589 1186 2645 certaminibus

235 2661 477 2728 tollebant‚ncque
486 2659 519 2710 de
528 2661 611 2712 rebus
623 2661 825 2733 etymologicis,
832 2662 931 2732 quibus
938 2660 1051 2713 fabulae
1061 2660 1119 2711 anti
1157 2670 1186 2707 aa

237 2728 477 2800 quamplurimae
498 2729 545 2780 ubi
575 2747 601 2780 re
621 2730 656 2781 ad
671 2731 742 2784 illud
761 2739 959 2801 argumentum
979 2729 1122 2780 exhilarari
1142 2740 1187 2777 nm

236 2802 357 2851 intextae
371 2807 468 2863 erant,
486 2798 553 2849 intel
566 2798 666 2867 igentia
680 2809 751 2852 sunt.
786 2801 939 2864 Posterius,
958 2798 1098 2867 siquidem
1118 2812 1187 2866 poe·

236 2878 296 2920 tam
314 2868 324 2917 l
344 2868 435 2918 ricum
456 2866 649 2935 etymologum
671 2869 805 2933 facimus,
824 2871 951 2936 ineptum
965 2866 1092 2921 dixerim.
1126 2863 1188 2917 Tria
1219 2886 1221 2925 i

236 2936 310 2989 Bassi
324 2884 352 2989 l.
370 2935 389 2989 l.
406 2935 511 3013 lyricae
524 2952 639 3003 poeseos
655 2947 829 3007 argumenta·
842 2937 1047 3002 describuntur,
1066 2934 1188 2985 virorum
1219 2946 1221 2983 ;

236 3006 357 3057 fortium
374 3020 511 3066 encomia,
529 3004 662 3056 iuvenum
682 3023 792 3058 amores
813 3014 841 3057 et
855 3005 966 3057 honesti
982 3002 1189 3056 convivantium
1219 3002 1221 3017 '

238 3090 336 3125 senum
358 3073 428 3138 ioci,
448 3073 492 3123 vel
506 3072 655 3124 honestum
671 3076 767 3129 otium.
788 3075 851 3130 vid.
870 3078 966 3125 Horat.
986 3076 1026 3125 De
1042 3081 1105 3124 arte
1116 3077 1188 3141 poet·
1219 3106 1221 3115 ι

220 3150 275 3191 fus.
287 3141 397 3194 83-86.
417 3144 515 3192 “Musa
533 3140 609 3192 dedit
621 3142 722 3195 fidibus
740 3145 816 3196 divos
829 3161 915 3211 puero
935 3158 986 3195 uae
1006 3142 1141 3207 deorum,
1158 3138 1190 3191 Et

237 3208 361 3279 pugilem
372 3209 507 3261 victorem
522 3217 550 3260 et
564 3226 666 3278 equum
683 3214 835 3264 certamine
849 3213 987 3280 primurn,
1007 3213 1041 3261 Et
1058 3210 1189 3261 iuvenum

237 3294 334 3341 curas,
353 3284 381 3326 et
396 3278 485 3329 libera
501 3279 564 3330 vina
577 3280 712 3333 referre.''
746 3283 864 3335 Heroica
879 3291 973 3332 tamen
992 3278 1120 3330 carmina
1136 3292 1189 3330 non
1219 3287 1221 3327 ξ

238 3357 298 3399 tam
313 3344 396 3410 clare,
416 3363 499 3424 qrram
512 3348 628 3417 reliqua,
646 3349 848 3420 insigniuntur:
869 3348 1003 3412 adhibuit,
1022 3346 1062 3398 ai't
1075 3347 1188 3411 Persius,
1218 3341 1221 3353 '

239 3424 367 3469 veterum
387 3416 542 3483 primordia
560 3434 677 3490 vocum,
695 3420 714 3471 i.
732 3435 756 3476 e.
774 3430 808 3474 ut
829 3420 943 3491 quidam
963 3417 1188 3487 interpretantur,
