2454 4110
427 250 816 369 innotescimus..
1051 277 1091 340 ot

130 423 168 477 ais
182 438 217 477 ex
236 404 520 495 nonnullisiantiqns
539 420 621 477 codd
639 420 745 475 Gitanir'
755 420 785 473 in
798 419 912 475 Collect.
929 421 965 475 ad
980 421 1093 478 Lucrct.

129 492 267 563 proponit
285 494 369 546 Haud
390 488 491 553 audio,
510 491 642 563 quodssse
659 490 737 543 idom
761 490 798 542 ab
820 490 951 543 Ascensio
971 491 1003 545 in
1026 492 1092 550 edit.

130 560 310 632 Lugdunens.
328 578 374 614 an.
393 564 469 616 1510.
488 568 612 627 notatur,
630 560 777 614 inventum
796 557 907 611 videtur
926 559 963 613 ad
981 578 1092 623 tersum

131 631 228 700 aliquo
249 630 336 683 modo
355 629 541 686 fulciendum.
575 628 695 684 Pe'rinda
715 637 758 682 est
769 627 855 682 lectio
872 626 1025 684 Britannici
1037 652 1093 687 non

131 721 232 757 ausim.
682 721 685 725 ’
960 712 964 721 “

200 788 250 842 Vt.
268 784 653 859 56fflaniusl1eres.—Vid.
671 784 839 837 Politianum
855 800 879 838 c.
898 784 940 839 18.
959 786 1092 849 collero-

131 855 230 909 aldmn
242 854 273 906 in
294 856 407 910 Gruteri
420 854 543 926 lampad.
562 855 625 909 orit.
644 862 666 908 t.
684 857 704 908 Ι.

137 946 145 975 ⁰
200 939 247 992 vs.
267 949 310 1001 61.
329 945 381 1009 Qui
391 930 471 1014 prior
485 962 528 1008 es,
547 963 596 995 cur
609 944 699 995 me'-
715 943 832 993 Ioannes
844 938 968 1009 Baptista
987 940 1049 992 Pius
1062 939 1092 992 in

131 1015 270 1063 annotatt.
289 1026 315 1060 c.
331 1017 390 1083 ¹l3‘
409 1027 453 1091 ap.
472 1013 553 1063 Grut.
570 1009 655 1079 lamp.
674 1010 736 1063 crit.
755 1019 776 1062 t.
791 1011 812 1061 I.
824 1026 853 1128 p.
867 1017 928 1069 514.
946 1009 1017 1061 haec
1032 1010 1093 1061 ani-

130 1076 297 1129 madvertit:
314 1079 370 1145 Tu,
391 1096 439 1161 (pn
459 1078 577 1130 inferior
599 1094 627 1129 es
643 1077 730 1130 etcui
742 1077 817 1130 vitae
842 1094 879 1129 ux
897 1078 1027 1131 florentis
1043 1082 1092 1130 eit·

132 1146 235 1198 stincta
251 1152 305 1210 est,
325 1164 376 1199 cur
394 1156 467 1199 mter
486 1146 657 1199 currendum
674 1164 733 1198 non
750 1145 841 1197 solum
860 1145 931 1197 mihi
944 1147 1093 1200 victoriam
1140 1210 1143 1216 ἱ

131 1232 192 1267 non
203 1214 397 1281 concedis‚sed
409 1233 455 1268 me
467 1217 603 1269 victorem
618 1224 646 1267 ct
658 1231 775 1268 accensa
787 1214 917 1282 lampade
929 1225 1093 1284 sequentem

131 1285 175 1337 vis
185 1292 293 1336 mutato
307 1285 405 1337 ordine
419 1284 518 1355 sequi?
537 1302 601 1338 oum
614 1285 672 1335 iam
685 1293 717 1335 tu
729 1299 781 1352 per
793 1283 990 1350 crepusculum
1003 1293 1030 1336 et
1050 1295 1093 1338 te-

131 1353 235 1415 nalsras¹
246 1353 344 1405 aetatis
356 1363 423 1407 tuae
436 1354 532 1419 similis
544 1353 648 1406 habeas
659 1352 753 1405 facem
764 1349 947 1403 exstinctam?
957 1369 1010 1422 ego
1024 1370 1091 1406 vero

131 1421 261 1475 viridiori
277 1423 377 1475 aetatis
395 1423 526 1493 lampado
539 1420 568 1474 te
580 1439 682 1492 sequor
698 1431 726 1474 et
737 1421 847 1476 vinco.'’
869 1420 981 1472 Rectius
994 1430 1092 1477 tamen

132 1490 154 1543 ii
167 1490 302 1558 iudicant,
312 1492 360 1563 qui
368 1498 449 1567 prior
461 1510 517 1545 non
532 1492 566 1544 de
582 1492 697 1553 cursui.
718 1506 742 1543 e.
761 1497 850 1541 aetate
861 1488 1032 1560 intelligunt,
1043 1492 1092 1544 sed

134 1559 170 1612 de
184 1559 360 1631 cognatione,
377 1571 409 1613 ut
420 1561 465 1628 sit,
484 1571 525 1624 tu,
540 1577 627 1680 puem
639 1568 739 1611 natura
751 1557 916 1629 propiorem
928 1558 1000 1610 mihi
1012 1561 1091 1627 fecit,

134 1628 272 1700 quamsit
289 1628 407 1695 Manius,
425 1648 486 1686 cur.
503 1629 537 1685 Vi
559 1668 566 1684 .
586 1628 739 1680 Casaubon.
772 1682 776 1689 ,

206 1696 255 1753 vs.
272 1698 315 1753 66.
334 1703 494 1755 Stadius—
505 1698 561 1750 Alii
576 1697 693 1764 Tadius3
710 1693 783 1749 illud
801 1693 887 1748 etiam
905 1696 972 1752 cod.
991 1697 1091 1752 Chem-

128 1765 358 1825 nicensishalret.
772 1824 775 1829 ,
800 1818 804 1823 .

205 1839 251 1890 vs.
268 1836 312 1889 73.
330 1852 420 1891 trama
432 1864 465 1875 -
477 1834 533 1888 vid.
545 1833 669 1887 Tumebi
682 1842 867 1887 commentar.
879 1833 910 1885 in
925 1837 1043 1891 Varron.
1056 1832 1091 1887 de

133 1901 205 1975 ling.
221 1900 271 1957 lat.
284 1920 349 1977 pag.
360 1906 404 1961 56.
417 1905 525 1975 Ioseph.
543 1903 645 1974 Scalig.
664 1903 786 1957 Coniect.
804 1920 868 1973 pag.
877 1904 926 1971 52.

205 1990 251 2041 Vs.
268 1989 312 2042 77.
328 1992 439 2058 pauisse
451 2016 487 2028 -
501 1989 555 2041 Alii
572 2006 587 2043 o
604 1988 687 2043 codd.
706 1987 845 2043 dederunt
855 1990 1001 2058 plausisse,
1019 1986 1048 2040 h.
1064 2004 1089 2042 a.

134 2063 326 2112 contrectasse
340 2055 371 2107 in
388 2056 553 2123 co'e‘mendo,
569 2066 603 2111 ut
614 2060 761 2123 Donnerus
775 2056 860 2109 vertit
872 2057 1037 2119 betatsclzen,
1054 2056 1091 2108 ad

134 2140 223 2196 quern
236 2140 346 2191 rnorem
358 2127 465 2177 Seneca
480 2128 609 2193 Controv.
627 2127 677 2181 lib.
695 2133 716 2180 l.
735 2126 847 2178 alludit:
874 2122 974 2177 “Nuda
985 2123 1015 2175 in
1026 2124 1091 2177 lito-

132 2211 167 2249 re
181 2192 260 2247 stetit
280 2192 317 2245 ad
336 2192 481 2247 fastidium
493 2195 624 2250 emtoris:
642 2212 740 2261 omnes
776 2204 850 2247 artes
863 2192 989 2261 corporis
1005 2201 1033 2245 et
1048 2193 1090 2244 in-

133 2271 250 2333 spectas
271 2270 301 2313 ct
318 2271 508 2315 contrectatae
525 2268 623 2319 sunt.”
658 2214 843 2318 Praetulerim
857 2271 953 2315 tamen
970 2266 1090 2332 pauisse,

134 2331 303 2387 auctoritate
315 2331 400 2384 codd.
417 2333 539 2395 ducrum
552 2352 597 2403 ap.
606 2330 1055 2398 Achaint.‚Turin.,Wimariensis
1063 2340 1091 2383 et

136 2400 357 2469 chemnicsnsis,
376 2400 535 2454 faciliorem
545 2403 660 2472 quidem
672 2403 839 2468 lectionem,
856 2401 905 2455 aed
918 2409 950 2452 ut
964 2399 1033 2452 mihi
1045 2400 1089 2451 vi:

135 2470 234 2537 datur,
251 2469 344 2539 specie
360 2478 481 2535 tantum.
516 2473 627 2524 Gatasta
646 2481 707 2524 arat
723 2470 854 2525 machina
872 2469 975 2539 lignea,
992 2469 1023 2519 in
1035 2485 1090 2538 qua

135 2539 271 2592 serviant
287 2537 435 2601 vendendi,
458 2548 506 2590 aut
524 2539 559 2591 ad
578 2538 756 2593 vendendum
775 2537 891 2609 parandi
907 2537 1090 2589 collocaban-

133 2617 191 2663 tur.
216 2609 277 2659 lloo
294 2609 432 2676 posterius
446 2605 591 2677 intelligo:
618 2608 815 2661 nutriebantur
835 2604 1012 2675 Cappadoces
1029 2623 1106 2658 ma·-

135 2676 236 2730 chinae
261 2674 377 2742 inclusi,
402 2683 434 2726 ut
459 2691 520 2727 sese
540 2690 654 2726 movere
683 2693 741 2728 non
761 2683 889 2745 possent,
914 2682 997 2743 atque
1023 2674 1088 2728 inde

133 2745 253 2827 pingues
274 2744 383 2798 fierent.
418 2749 539 2823 Pingues
556 2743 643 2813 igitur
661 2744 796 2813 prolepsis
816 2752 865 2797 est.
900 2742 963 2794 Eius
979 2744 1088 2813 generis

132 2821 352 2873 instrumentum
373 2813 488 2880 respicit
513 2812 660 2874 Martialis,
684 2829 770 2882 quum
793 2813 841 2865 lib.
862 2814 916 2878 IX,
935 2812 976 2866 60.
1004 2812 1085 2864 dicit:

134 2886 212 2946 Quos
223 2898 325 2933 arcana
336 2891 447 2933 servant
458 2880 583 2933 tabulata
589 2886 733 2946 catasta.”,
740 2898 774 2934 ac
787 2881 915 2933 similiter
921 2879 1042 2934 Raderus
1052 2881 1088 2933 ad

133 2950 255 3004 Martial.
265 2953 311 3015 Vl,
328 2953 371 3004 22.
389 2950 589 3018 interpretatur
600 2950 714 3020 longam
727 2951 870 3019 compedis
884 2950 1016 3014 formam,
1030 2968 1086 3003 sar·

133 3019 177 3072 vis
189 3018 327 3071 venalitiis
342 3018 523 3071 iniectam—
536 3022 682 3085 clausisse,
702 3021 779 3090 (Ῑιιοά
794 3028 864 3072 teste
878 3019 1037 3071 Achaintrio
1056 3020 1086 3071 in

133 3086 266 3141 undecim
281 3086 366 3139 oodd.
384 3096 480 3152 exstat,
497 3087 525 3141 h.
542 3087 562 3141 l.
578 3087 660 3140 nihili
674 3097 724 3156 est,
742 3097 818 3141 etex
831 3090 969 3162 plausisse
985 3088 1087 3142 calami

134 3155 204 3209 vitio
214 3155 374 3224 profectum
386 3156 504 3210 videtur.

204 3245 250 3296 Vs.
268 3243 311 3297 79.
330 3242 402 3294 radit
414 3244 444 3294 in
456 3263 593 3314 rugam-
604 3242 623 3296 i.
642 3259 670 3312 q.
687 3241 760 3294 redit
774 3241 804 3293 in
819 3240 934 3360 plicam,
950 3243 1085 3313 multipli-

135 3317 234 3375 catur3
253 3310 348 3380 itaquo
372 3313 460 3363 decies
478 3315 549 3365 redit
564 3316 594 3366 in
614 3333 712 3382 rugam
729 3311 818 3378 decup
831 3310 929 3365 icatur.
964 3312 1084 3365 Meisteri

133 3380 313 3449 sententiam,
332 3395 364 3432 ex
379 3395 434 3450 qua
448 3382 477 3433 in
488 3401 587 3453 rugam
599 3381 636 3433 sit
652 3386 682 3433 in
701 3383 895 3451 sinumtogae,
910 3381 988 3434 nullo
1000 3390 1082 3451 pacto

177 3472 298 3512 sanstus.
854 3459 878 3507 F
