2454 4110
348 257 697 318 condrosio.
965 264 1016 319 vn

55 421 132 468 rere
147 400 260 484 studet,
274 401 404 465 attentio
419 407 452 465 et
467 421 541 463 cora
554 399 685 463 maxime
697 398 849 467 laudanda
861 408 919 479 est,
933 404 1016 483 quod

55 494 183 571 praeter
198 489 274 550 alios
287 493 408 550 veteres
422 488 586 568 scriptores
595 488 745 549 iuventuti
755 482 1016 551 'commendandos

57 575 153 636 etiam
167 571 265 636 Persii
278 574 387 635 salmas
399 573 433 633 in
448 573 659 635 collectionem
677 592 763 634 suam
781 575 922 655 recipcre
944 592 1017 635 con·

56 657 174 732 anaor,
194 664 231 720 ut
252 660 313 720 iam
335 657 466 738 deniqne
488 658 582 734 mihi,
603 658 769 719 editionem
785 658 866 720 hanc
888 658 1018 738 paranti,

57 744 248 817 nillilreatct,
263 744 323 803 nisi
332 749 385 818 ut,
399 763 477 821 quae
491 744 531 805 sit
546 764 565 805 a
578 763 627 803 me
642 748 762 807 serrato
774 744 864 821 ratio,
880 762 1018 824 quaeque

56 827 193 893 subsidia
207 828 361 903 adhibita,
382 829 517 889 breviter
534 828 693 909 explicem.

63 936 82 961 αι
122 912 159 974 ln
171 918 259 974 textu
274 911 372 973 Persii
397 913 557 975 sadrarum
575 911 789 983 constidrendo
808 912 1019 976 casaubonum

56 998 265 1077 maximopere
272 1003 418 1076 sequutus
432 1018 509 1073 sum,
522 999 566 1059 ita
579 1004 691 1074 tamenn,
713 1005 748 1059 ut
765 1018 827 1060 non
841 1014 1020 1079 spernerem

58 1082 285 1157 emendatiora,
307 1101 385 1161 quae
411 1082 519 1143 darent
534 1087 585 1142 aut
603 1082 675 1143 libri
696 1082 863 1145 Msssfflo
879 1088 1021 1161 tompore

58 1168 195 1229 nondum
219 1168 337 1241 collati,
358 1173 412 1227 ant
436 1168 499 1226 iam
523 1167 626 1227 collati
647 1168 789 1246 quidem,
811 1173 843 1229 et
868 1166 908 1227 ad
930 1183 1021 1226 risum

58 1249 1021 1415 lm·lllslillitltltillttullllll.

59 1420 248 1496 collationes,
262 1440 339 1500 quae
357 1381 489 1482 ailortio
500 1422 628 1499 margini
644 1422 716 1483 odit.
725 1419 1022 1483 Schrevclianaeod-

13 1536 16 1542 ·
59 1506 847 1587 scriptacaervanturinbibliotlrecaMagno-llucali.
876 1504 1022 1586 Chemiri·

61 1592 162 1653 censis
169 1590 266 1653 altero
274 1591 387 1671 peioris
397 1596 489 1652 uotae
501 1590 621 1651 videtur
629 1610 706 1652 esse.
728 1588 1023 1654 Acceduntl’arisini

60 1676 207 1739 nonus.
214 1676 371 1739 lectiones.
399 1676 593 1756 Exemploria
601 1676 768 1738 vetustiora
780 1675 862 1757 typis
875 1675 1024 1754 impresso

60 1766 186 1843 praesto
205 1767 298 1823 oront.
316 1762 378 1823 duo
394 1760 533 1836 Veneta,
555 1780 649 1822 unum
670 1760 707 1823 A.
716 1754 817 1828 noo.
837 1760 889 1822 die
905 1757 959 1823 IV.
981 1776 1023 1821 m.

63 1845 230 1922 Naroma,
251 1846 395 1907 alterum-
409 1844 635 1908 Bartholomael
656 1844 770 1909 Veneti
792 1846 829 1908 d
851 1848 945 1911 1492.
971 1842 1025 1905 dic

60 1928 311 1992 XVII..Ianuar.r
331 1936 492 2010 praeterea
506 1930 709 2007 Lugdunense
723 1932 760 1991 A„
777 1934 881 2002 1510,
901 1928 1025 1988 Coloni·

60 2032 139 2077 ense
155 2018 250 2083 loos.
270 2014 347 2071 illud
357 2013 477 2070 Gamffli
492 2012 640 2079 Silvestri,
662 2012 743 2087 quod
757 2012 840 2069 iuxta
853 2012 1025 2071 versionem

59 2096 201 2163 Italicam
217 2092 276 2152 alia
288 2090 445 2172 praeclara
460 2089 605 2165 continet,
626 2091 740 2152 Asterii
754 2092 863 2154 Manlii
877 2092 1025 2156 Parmen-

61 2182 106 2245 ιιι
120 2180 154 2239 in
171 2177 295 2239 satiram
312 2176 326 2237 l
341 2182 374 2236 et
387 2174 416 2235 ll
431 2174 675 2250 commentarius,
696 2176 866 2240 Murmellii
880 2179 1025 2241 etTede-
1107 2186 1112 2193 '

62 2265 122 2331 rici
136 2262 243 2329 ceroti
256 2260 474 2343 paraphrases,
496 2278 601 2338 quae,
615 2262 866 2348 quamvis'alique
880 2283 919 2325 en
935 2269 1026 2344 parte

63 2348 232 2422 obamdoe,
252 2352 356 2407 tamen
370 2344 453 2405 haud
466 2362 536 2406 roro
552 2344 639 2406 utilia
653 2347 809 2425 praebent.
852 2348 916 2411 Sed
929 2349 1026 2411 mari-

10 2427 18 2494 i
63 2452 117 2500 mo
130 2433 206 2495 mihi
221 2431 398 2492 adiumento
412 2427 677 2491 fueruntPassovii
692 2437 725 2492 et
735 2432 843 2495 Orellii
856 2434 1025 2496 editionesr

65 2540 104 2585 ac
121 2522 206 2580 tante
221 2522 293 2578 sunt
306 2514 388 2575 illius
400 2520 523 2594 temque
535 2514 691 2595 praeclara
705 2516 739 2577 in
753 2515 891 2580 Persium
906 2520 1026 2594 merita,

65 2610 118 2680 nt,
139 2602 198 2664 etsi
208 2601 249 2662 de
263 2619 324 2661 uno
337 2600 435 2680 prima
445 2600 537 2661 satira
552 2606 771 2663 commentatus
786 2607 849 2678 est,
870 2604 1026 2665 neminem

33 2718 36 2723 ·
65 2685 369 2760 tameninrederim,
391 2685 475 2746 cuius
491 2686 525 2745 in
539 2684 670 2746 cundem
688 2686 802 2749 maiora
817 2693 957 2750 constare
973 2706 1026 2749 ex·

12 2821 18 2854 ,
65 2772 210 2837 nonen
251 2770 330 2832 Nam
343 2770 397 2830 ubi
410 2788 465 2830 nos
481 2769 619 2832 destituit
631 2770 720 2832 docta
734 2777 767 2832 et
782 2770 882 2851 ampla
896 2772 962 2833 eius
977 2772 1026 2833 in-'

13 2895 19 2916 .
66 2856 268 2937 terpretatio,
289 2856 405 2917 suflicit
422 2874 640 2934 saepenumero
652 2855 686 2916 in
702 2856 766 2918 eius
781 2856 883 2918 locum
903 2860 1026 2919 accura-

13 2925 20 3016 Ξ
66 2942 186 3005 tissima
198 2946 230 3002 et
247 2938 468 3018 elegantissima
479 2940 644 3016 conversio,
660 2960 839 3020 quamquam
854 2941 1029 3021 sicquoquo

68 3026 1027 3190 ιιιιιιιιιῑιιιιιὲιιιιιιιιιιιι

17 3191 24 3268 ¹,
70 3196 196 3277 quidem
211 3200 290 3269 sunt,
307 3196 363 3257 sed
375 3196 484 3257 doctae
497 3196 530 3257 iu
541 3194 761 3267 difficilioribus
769 3196 852 3257 locis.
881 3196 1027 3260 Nonnun-

70 3299 164 3361 quam
178 3282 284 3343 omen
295 3280 360 3341 eiua
377 3282 595 3355 auctoritatem,
617 3280 861 3358 cicutiPassovii,
883 3283 1027 3343 deserere

70 3384 165 3427 ausus
179 3385 254 3427 sum
288 3363 457 3445 Praecipua
471 3373 573 3427 autem
581 3366 695 3427 0rellio
704 3366 801 3445 gratia
814 3367 954 3429 habenda
969 3369 1027 3439 est,

20 3477 25 3514 ε
70 3450 158 3533 quod
177 3450 246 3514 cod.
261 3449 436 3515 'sinicensis
450 3451 597 3515 lectiones
614 3456 647 3514 et
654 3452 806 3535 cognitam
818 3452 941 3535 quidem
953 3450 1028 3515 clio·

21 3563 39 3676 l.

22 3677 105 3874 p.
