2454 4110
134 332 176 398 ιο
427 310 796 386 anriorrrrouas.

136 474 213 547 quod
226 492 283 528 non
296 474 434 545 quadrat3
450 477 628 529 Casaubcnus
644 473 798 545 eringenio
820 444 898 525 dedit
915 492 1095 543 censorernne,

133 546 219 617 idque
236 553 333 597 tenent
350 547 407 598 eius
420 546 586 615 pedissequi.

202 633 249 686 Vs.
268 632 310 684 35.
325 647 367 701 sq.
387 635 422 682 Ut
437 630 466 681 hi
479 648 583 698 versus,
592 647 678 701 quum
692 630 720 681 in
733 629 786 681 hac
799 627 884 680 satira
896 626 931 680 de
945 627 1095 683 iuvenibus

134 699 171 752 ad
183 700 340 753 litterarum
358 700 450 771 studia
463 698 690 752 incumbentibus
702 708 816 769 agatur,
835 696 871 749 ad
892 714 955 749 rem
972 700 1095 768 aptiores

134 769 204 834 sint,
223 768 397 821 Achaintrius
409 777 436 821 et
449 769 525 834 selis,
545 771 593 839 qui
605 770 682 822 idem
696 768 730 819 de
750 767 836 819 satira
855 775 956 835 quarta
972 777 1113 821 conten-a

136 838 345 904 dit,Neronem,
358 838 394 888 ad
408 837 551 889 saevitiam
565 847 650 907 atque
666 837 772 889 scelera
783 835 905 888 maxima
916 837 985 889 inde
994 852 1012 889 a
1048 852 1095 891 ue·

133 907 200 959 ritia
211 906 268 958 iam
282 922 467 975 propensum,
485 906 562 976 tangi
576 915 605 958 et
617 905 756 977 designari
768 905 936 957 existimant.
955 906 1011 958 Sed
1025 854 1094 959 iaec

133 977 220 1028 verba
234 975 263 1026 in
276 974 438 1026 universum
450 973 526 1028 dicta
540 983 621 1044 sunt,
639 982 668 1027 et
683 982 780 1027 amant
792 983 891 1043 poetae
906 974 1015 1028 satirici
1028 990 1093 1029 ora·

133 1044 219 1097 tionis
233 1043 409 1099 diverticula.

201 1131 247 1181 Vs.
265 1129 309 1184 38.
331 1132 468 1184 Virtutem
483 1130 706 1185 videant-Duc
713 1127 798 1185 codd.
810 1130 885 1199 apud
897 1129 1093 1197 Achainttium

135 1205 164 1250 et
175 1198 327 1250 nonnullae
339 1207 447 1251 veteres
461 1198 606 1263 editiones,
619 1216 687 1267 quas
699 1208 812 1267 praeter
824 1198 984 1251 Passovium
995 1217 1093 1253 recen·

133 1265 191 1318 tior
202 1276 334 1337 sequutus
352 1276 393 1320 est
406 1266 515 1335 nullus,
534 1267 704 1338 particulam
718 1283 748 1321 ut
769 1268 967 1338 interpositam
978 1268 1091 1335 babent,

134 1336 208 1404 qliae
220 1337 279 1391 sine
294 1335 378 1389 dubio
393 1353 410 1388 a
420 1336 538 1389 librario
553 1337 683 1406 profecta
695 1344 744 1401 est,
762 1336 810 1407 qui
830 1345 894 1405 post
907 1338 995 1390 verba
1008 1340 1092 1393 Haud

134 1407 193 1456 alia
213 1411 322 1459 ratione
340 1408 410 1457 velis
432 1414 604 1474 exspectaret
624 1427 705 1478 quam
723 1421 769 1475 ut,
793 1405 874 1461 illud.
884 1415 980 1459 tamen
999 1414 1090 1461 mette

135 1481 250 1525 coactus
268 1474 422 1524 omitteret.

201 1558 247 1611 Vs.
265 1556 309 1611 43.
327 1573 355 1611 et
370 1561 446 1611 intus
460 1559 573 1613 Palleat
584 1558 684 1629 infelix
694 1589 729 1599 -
742 1558 762 1615 i.
779 1577 804 1616 e.
822 1558 852 1611 in
862 1558 964 1613 intimo
976 1568 1091 1629 pectore

134 1625 305 1679 conscientia
318 1642 417 1679 eorum
429 1628 567 1680 scelerum
579 1628 701 1695 palleat,
719 1645 791 1697 quac
809 1629 890 1680 uxori
903 1646 1023 1681 narrare
1036 1646 1091 1683 non

133 1694 244 1747 audeat.
279 1700 375 1759 Intus,
395 1712 483 1764 quum
507 1711 620 1747 causam
636 1696 655 1747 i.
675 1713 699 1750 e.
726 1696 941 1764 conscientiam,
960 1714 1014 1750 cur
1032 1697 1091 1769 ‹pr'n

134 1763 290 1829 crucietur,
307 1762 428 1830 indicet,
446 1762 661 1832 intelligendum
684 1772 740 1830 est,
758 1773 790 1816 ut
801 1782 894 1833 graec·
912 1764 1036 1822 tracter
1049 1764 1091 1819 rel

134 1828 241 1885 ἔσωθεν
263 1831 338 1899 apud
359 1832 485 1900 Aeschyl.
501 1834 574 1886 Pers.
595 1848 634 1886 vs.
653 1834 694 1885 10.
712 1832 736 1884 ·i.
753 1849 778 1885 e.
802 1850 857 1885 von
877 1834 963 1886 innen
981 1835 1091 1888 beraut·

131 1899 195 1952 vid.
214 1901 370 1955 Taubman.
388 1900 425 1953 ad
442 1901 532 1953 Plaut.
549 1902 624 1951 Pers.
643 1903 676 1964 ll,
694 1901 781 1966 4,,31.
809 1910 837 1952 et
858 1901 894 1955 al.
929 1902 1091 1974 Relegandt

131 1967 219 2039 igitur
236 1978 279 2023 est
294 1970 455 2023 coniectura
467 1968 590 2022 censoris
602 1968 843 2038 Heidelbergensis
853 1972 963 2023 Ardent
980 1974 1090 2092 irpselis,

131 2047 232 2112 utpote
253 2041 368 2110 antiqua
387 2039 511 2092 lectione
527 2037 619 2089 multo
639 2037 796 2103 infirmior,
861 2053 908 2089 am
927 2038 972 2089 vir
1015 2050 1090 2095 octus

131 2114 192 2164 sine
206 2111 290 2165 dubio
305 2109 382 2164 dedit
397 2107 579 2163 similitudine
594 2105 819 2179 duorumROvidii
843 2122 961 2159 cccrum
977 2108 1090 2163 Heroid.

131 2182 179 2246 tv,
198 2182 321 2236 19—20.
342 2188 371 2231 et
389 2182 462 2232 Fast.
485 2175 614 2243 111‚489.
632 2176 774 2245 deceptus.
809 2175 852 2228 Ad
878 2175 1091 2229 coniunctim

131 2253 239 2302 nesciat
259 2246 456 2315 explicandum
477 2246 513 2296 ad
554 2246 640 2297 allece
660 2245 839 2314 suppleamus
859 2260 973 2297 necesse
991 2254 1035 2297 est
1053 2248 1090 2313 id,

131 2314 152 2368 i.
173 2331 200 2367 e:
213 2314 352 2367 eiusmodi
370 2313 446 2382 quid.
477 2264 587 2365 Paliiere
601 2312 676 2362 enim
697 2313 812 2382 ponitur
834 2329 900 2365 cum
920 2313 1090 2371 accusativo.

131 2382 195 2443 ιιι.
214 2387 235 2447 ι,
256 2381 314 2439 124.
334 2380 458 2435 nurchi.
475 2380 507 2431 an
518 2378 597 2431 nnat.
613 2396 642 2448 p.
659 2383 704 2436 es.

200 2470 248 2521 Vs.
265 2465 310 2522 44·
336 2469 428 2521 oculos
447 2468 640 2539 tangebam-
653 2468 714 2519 Hoc
732 2467 812 2521 bene.
840 2468 995 2540 Tingebcm,
1014 2464 1091 2537 quod

132 2535 254 2589 menime
268 2535 297 2591 in
311 2535 478 2588 editionibus
499 2533 619 2605 antiquis
633 2535 789 2603 invenitur,
808 2537 939 2606 quodque
960 2540 1091 2609 inungere
1105 2566 1110 2575 ·

131 2604 155 2656 si
194 2604 280 2670 ilicet,
293 2622 350 2656 uon
365 2614 462 2674 aptum
477 2613 519 2656 est
532 2621 631 2673 puero,
649 2605 798 2657 oculorum
810 2606 863 2657 cali
886 2605 959 2656 'nem
973 2619 1007 2669 eo
1023 2620 1091 2656 con·
1132 2626 1135 2637 ·

132 2622 194 2726 sili
214 2673 374 2741 simulanti,
393 2683 424 2725 ut
443 2690 459 2725 a
476 2673 680 2725 declamatione
700 2674 847 2727 ediscenda
880 2674 1014 2727 iberatur.
1048 2675 1091 2725 De
1133 2678 1135 2691 '

131 2742 210 2795 vario
224 2742 280 2795 olei
314 2759 397 2796 encre
411 2741 447 2793 ad
463 2742 610 2794 oculorum
623 2742 783 2794 claritatem
801 2742 923 2795 maxime
937 2740 1090 2795 conferen-

131 2813 169 2863 tis
191 2810 275 2880 plura
291 2761 377 2863 flabat
398 2811 501 2863 Plinius
519 2812 587 2863 Hist.
606 2820 663 2865 nat.
680 2811 731 2865 lib.
749 2811 793 2865 23.
812 2829 837 2864 c.
854 2812 881 2865 4.
899 2826 964 2879 pag.
979 2809 1044 2865 808.
1060 2828 1090 2881 p.

130 2878 429 2949 310.p.297.p.309.ed.
438 2879 571 2933 Harduin.
581 2880 705 2933 Eandem
714 2879 750 2933 cb
757 2896 932 2931 causamnon
940 2878 1092 2933 ferendum
1119 2920 1123 2933 .

132 2957 182 3005 est.
201 2966 239 3002 vs.
257 2950 301 3005 46.
325 2954 434 3013 Dicere,
453 2948 530 3017 quod
542 2948 715 3016 Achaintrio,
731 2957 857 3001 veterem
868 2947 1049 3001 scholiastam
1062 2956 1092 3001 at

132 3025 190 3069 tres
208 3017 289 3072 codd.
308 3034 338 3069 se
377 3026 437 3085 uto,
450 3017 600 3071 arridebat.
620 3020 781 3086 Nam'puer
796 3017 938 3070 ediscendi
952 3016 1047 3069 labori
1060 3032 1093 3069 se

131 3084 296 3137 subtrahere
310 3105 344 3139 vo
359 3088 431 3138 ebat.
446 3087 480 3136 Et
496 3104 582 3155 quum
594 3092 696 3141 Dicere
707 3095 782 3138 stare
795 3094 930 3156 nequeat,
948 3085 1027 3138 idem
1041 3102 1092 3141 va-

123 3152 171 3204 ‘let
184 3152 219 3204 de
234 3153 333 3207 dativis
349 3158 478 3209 morituro
493 3160 597 3208 Catoni.
607 3159 731 3209 Grandia
737 3158 821 3209 verba
832 3157 1018 3207 innuuntnon
1024 3170 1091 3209 vere

130 3222 276 3290 grandem,
289 3223 338 3275 sed
351 3222 491 3281 tumidam
504 3231 532 3275 et
543 3233 690 3275 ventosam
703 3225 868 3277 orationem.
887 3224 948 3278 vid.
965 3223 1089 3295 interpp.

131 3290 168 3341 ad
189 3292 300 3344 Petron.
319 3292 400 3349 Satir.
420 3301 476 3352 c.1.
493 3308 554 3361 sqq.
573 3296 637 3346 Non
654 3313 722 3347 sano
737 3310 833 3345 veram
851 3310 911 3346 esse
925 3292 1090 3361 lectionem,

130 3359 183 3412 reli
223 3375 307 3429 esque
322 3364 427 3428 insano,
444 3377 472 3415 et
483 3365 590 3429 insano,
608 3364 642 3414 ab
655 3367 751 3416 insano
763 3362 828 3414 inde
842 3361 982 3443 originem
997 3361 1091 3415 duxis-

131 3445 176 3498 se,
215 3446 267 3482 ene
280 3428 412 3485 iudicavit
425 3429 552 3487 Orellius.
587 3428 692 3485 Eadem
705 3431 870 3503 compositio
890 3431 1035 3485 invenitur
1050 3446 1088 3485 rs.
