2454 4110
345 246 715 343 ANNuTATIONES.
965 284 1008 349 59

55 432 207 502 “antiquas
215 429 380 483 Sabinorum
388 446 543 500 eorumque
558 432 723 501 quiLatium
736 432 890 502 coluerunt,
898 435 1007 495 voces”,

50 518 124 571 quae
141 518 229 570 quum
243 517 349 570 graves,
364 498 450 551 durae
466 509 494 551 et
506 508 620 569 asperae
634 506 733 569 essent,
748 503 887 573 augebant
899 501 1008 572 pondus

51 579 81 623 et
102 569 305 647 fortitudinem
315 569 496 621 heroicorum
510 586 700 623 numerorum.
731 574 823 634 Quare
839 571 916 622 addit
925 579 1009 638 poeta

10 702 14 711 Ι
51 654 137 712 atque
165 660 267 692 vitarem
286 643 444 710 strepitum,
462 638 481 690 i.
501 639 699 692 e.1nasculum
719 649 746 691 et
759 640 869 691 virilem
884 648 1007 706 cantum,

51 720 110 778 quo
125 707 251 759 virorum
263 707 382 758 fortium
399 706 476 758 facta
487 708 633 777 praeclara
645 708 867 764 celebrabantur.
901 707 1009 761 Vocula

52 792 136 848 atque
147 777 205 827 vim
218 775 374 845 explicandi
386 775 480 828 hahet.
505 777 645 829 Nimirum
659 778 766 829 Caesius
782 782 877 828 Bassus
893 793 950 827 non
964 792 1009 827 so-

48 848 111 897 lum
127 844 255 925 egregius
277 853 361 912 poeta
375 852 450 907 erat,
467 844 516 896 sed
538 844 638 912 etiam,
658 855 794 915 quantum
817 862 851 898 ex
869 845 1008 898 veteribus

51 913 155 967 coniim
169 913 245 978 licet,
262 911 374 984 linguae
395 913 657 979 latinaeliterat013
675 933 709 967 co
730 916 866 967 uitionem
886 914 1010 965 habebat

47 982 124 1037 Latii
138 982 330 1048 dialectorum,
347 998 448 1051 easque
459 983 580 1061 singulas
594 933 763 1036 camertibus
776 984 831 1035 suis
843 983 912 1035 scite
926 991 1008 1051 upta-

48 1052 111 1104 bat.
137 1053 217 1103 Certe
233 1067 266 1102 ea
281 1051 314 1103 de
328 1068 409 1102 causa
422 1051 598 1118 potissimum
613 1052 701 1103 mirus
715 1053 808 1120 opifex
823 1071 838 1106 a
853 1050 945 1104 Persio
963 1051 1008 1101 di-

50 1118 246 1186 ctusvidetur,
256 1128 284 1171 et
297 1137 362 1171 cum
373 1119 479 1184 Vossio,
496 1128 579 1186 poeta
596 1121 749 1190 eodemque
764 1121 877 1192 linguae
892 1136 1008 1191 germa-

49 1206 106 1242 nae
122 1188 289 1257 peritissimo
304 1187 462 1256 comparari
471 1197 573 1255 potest.

121 1260 167 1310 Vs.
184 1259 210 1310 6.
228 1262 402 1331 Egregios-
415 1255 554 1308 Bentleius
569 1256 689 1309 coniecit
706 1260 839 1330 egregiae,
858 1255 933 1326 quod
945 1258 1008 1306 Pas-

49 1327 130 1379 sovio
148 1325 285 1395 placebat.
320 1324 390 1389 Sed,
406 1332 515 1377 mutato
535 1331 674 1399 egregios,
694 1326 869 1378 desideratur
891 1324 1006 1396 aliquid,

49 1413 119 1466 quo,
139 1394 234 1465 quales
249 1411 328 1447 seues
340 1395 382 1445 illi
395 1392 517 1460 fuerint,
535 1394 716 1447 iudicandum
730 1405 779 1447 est.

122 1470 168 1517 Vs.
188 1468 214 1520 9.
231 1480 271 1518 cst
285 1485 381 1536 operae
392 1464 643 1534 cognoscere-Sic
659 1464 757 1531 scripsi
773 1480 787 1513 e
801 1461 883 1513 codd.
901 1461 1008 1514 Wima-

48 1533 147 1599 riensi,
165 1533 366 1599 Ghe'ruuicensi,
383 1535 496 1584 Putean.
515 1544 543 1583 et
555 1532 674 1601 antiquis
690 1532 814 1600 pluribus
830 1529 1006 1582 editionibus.

50 1604 161 1656 Servari
175 1602 262 1654 malui
279 1602 432 1653 dictionem
449 1609 637 1666 constantem,
657 1618 743 1670 qtsam
755 1598 908 1659 Acheintrii
920 1598 1007 1650 libros

49 1673 139 1741 sequi·
155 1671 217 1725 vid.
235 1674 331 1724 llorat.
349 1675 404 1724 Sat.
422 1675 450 1735 Ι,
468 1674 493 1736 Ξ,
511 1670 553 1723 57.
572 1675 605 1733 ΙΙ,
622 1670 648 1735 4,
667 1671 708 1725 63.
726 1674 760 1734 ΙΙ,
779 1686 822 1736 ep.
843 1672 866 1734 1,
884 1670 944 1723 229.
962 1670 1008 1718 Iu-

49 1756 114 1795 ven.
132 1744 178 1805 VI,
195 1740 256 1794 473.
277 1745 435 1812 Cognoscite
449 1740 571 1792 vocativi
584 1740 726 1791 vicinitate
739 1744 832 1789 ortum
845 1737 964 1789 videtur.

119 1811 166 1862 Vs.
186 1818 228 1869 11.
246 1803 536 1876 Quintus-Ridicule
550 1808 712 1860 scholiastes
726 1807 840 1859 Parisini
856 1806 919 1858 cod.
937 1806 1006 1856 haec

49 1878 183 1933 adnotat:
200 1878 308 1929 Persius
324 1877 392 1928 dixit
412 1882 521 1949 quintus
535 1887 650 1947 propter
670 1894 732 1930 eam
748 1876 917 1944 opinionem,
935 1889 1007 1942 quae

47 1949 130 2015 dicit,
148 1946 271 1998 animam
287 1946 459 2013 Pythagorae
471 1946 502 1995 in
514 1963 651 2012 pavonem
664 1945 836 2007 translatam,
851 1944 885 1994 de
898 1957 1007 2010 pavone

47 2033 120 2071 vero
133 2016 169 2066 ad
182 2013 382 2080 Euphorbium,
401 2011 435 2063 de
448 2013 606 2080 Euphorbio
624 2013 660 2064 ad
671 2018 832 2079 Homerum,
842 2013 875 2064 de
883 2015 1006 2062 Homero

47 2101 119 2139 vero
131 2082 315 2143 octennium,
334 2079 409 2148 quod
425 2097 528 2131 nomen
542 2081 599 2133 eius
613 2086 857 2152 cognomentum.’'

42 2200 45 2205 .
124 2152 170 2205 Vs.
190 2159 232 2211 ll.
248 2168 398 2222 pavone-
413 2148 475 2201 Vid.
490 2149 572 2218 plura
585 2150 614 2202 in
628 2152 728 2222 Scalig.
744 2152 903 2203 Coniectan.
916 2166 944 2217 p.
962 2150 1007 2202 27.

120 2222 167 2272 Vs.
184 2220 370 2274 thritemius
380 2246 416 2256 -
427 2222 478 2270 Sex
493 2219 574 2272 codd.
593 2220 747 2275 Achaintrii
762 2230 790 2272 et
802 2217 1008 2271 Chemnicensis

47 2291 194 2346 scombros.
227 2287 311 2339 Nullo
345 2295 440 2339 tamen
464 2289 549 2341 modo
573 2289 773 2356 dubitandum,
800 2290 867 2358 quin
885 2290 1008 2341 rhombos

46 2358 205 2430 genisinum
221 2356 266 2412 sit:
300 2358 367 2406 Erat
380 2356 463 2424 piscis
475 2358 571 2430 magni
583 2359 676 2428 pretii.
693 2359 755 2413 Vid.
773 2360 869 2419 Iuveu.
887 2361 943 2412 Sat.
960 2356 1006 2423 IV,

48 2430 95 2484 66.
112 2430 209 2481 Horat.
227 2430 284 2478 Sat.
304 2428 325 2488 l,
345 2428 372 2493 2,
392 2426 450 2491 115,
470 2430 529 2482 116.

121 2499 168 2551 Vs.
186 2495 230 2550 24.
254 2509 401 2548 tenuem—
410 2497 714 2551 turdarum-salivam
727 2497 817 2548 -Sic
828 2492 1008 2548 scribendum

50 2582 119 2619 cum
132 2564 235 2617 Orellio
250 2572 301 2615 est.
331 2562 422 2614 Etiam
436 2562 466 2612 in
478 2565 558 2620 codd.
576 2565 694 2618 Wimar.
717 2575 745 2618 et
759 2564 949 2617 Chemnicensi
965 2572 1008 2615 est

50 2638 203 2689 turdorum.
226 2633 465 2694 tenues-salivas,
484 2633 560 2700 quod
572 2634 744 2687 Achaiutrius
761 2651 792 2685 ex
806 2633 904 2686 decem
923 2630 1005 2684 codd.

50 2703 169 2769 sumsit,
188 2710 276 2755 exstat
289 2716 401 2770 quoque
414 2699 444 2750 in
461 2701 526 2757 Cod.
546 2702 687 2756 Chemuic.
873 2728 879 2737 ·

22 2818 26 2827 .
120 2774 167 2825 Vs.
183 2773 226 2825 26.
246 2777 316 2823 Occu
325 2807 333 2836 ‚
355 2785 382 2823 et
401 2789 524 2840 seges-
538 2777 597 2836 En,
624 2772 699 2842 quod
720 2769 897 2824 Achaiutrius
913 2767 1006 2834 habet,
1026 2789 1028 2793 ·

49 2840 81 2893 in
93 2840 149 2893 hac
164 2840 315 2892 verborum
330 2838 527 2891 coniunctione
545 2839 590 2891 vix
602 2841 751 2894 ferendum
767 2850 816 2893 est.

120 2912 167 2963 Vs.
183 2909 229 2963 80.
246 2914 374 2978 Ingentes
388 2911 421 2960 de
429 2928 521 2979 puppe
534 2912 619 2962 dei-
632 2911 650 2965 i.
670 2927 694 2963 e.
714 2911 831 2962 deorum
842 2905 1007 2960 tutelarium

47 2977 187 3048 imagines
200 2977 230 3027 in
244 2993 336 3044 puppe
351 2975 515 3031 collocatae.
537 2977 696 3050 Παράσημα
710 2998 730 3032 s.
749 2978 868 3048 insignia
881 2977 911 3026 in
922 2991 1008 3044 prora

49 3056 142 3102 erant.
165 3045 227 3098 Vid.
245 3044 409 3096 Salmasium
427 3044 464 3095 ad
484 3045 570 3100 Solin.
595 3066 621 3117 p.
633 3050 695 3105 403.
714 3049 848 3102 Scheffer.
872 3044 906 3096 de
925 3044 1007 3097 milit.

48 3114 143 3167 naval.
160 3115 192 3180 3,
213 3117 236 3167 1.
259 3131 288 3180 p.
307 3114 357 3168 172
376 3130 417 3183 sq.
454 3117 567 3171 (temer.
585 3117 614 3169 in
634 3119 716 3173 lexic.
732 3136 755 3170 s.
775 3135 801 3169 v.
819 3119 895 3169 rutel.
914 3117 1008 3178 Quare

49 3183 157 3235 inutilis
172 3192 213 3235 est
228 3180 392 3234 coniectura
413 3184 544 3256 Koeuigii
558 3191 728 3260 squalentes,
747 3196 776 3239 et
795 3184 918 3238 censoris
937 3184 1007 3236 Hei-

49 3251 241 3323 delbergensis
254 3254 386 3322 lugentes.

121 3328 166 3373 Vs.
182 3322 224 3377 89.
242 3334 364 3373 nostrum
378 3323 429 3373 hoc
449 3328 534 3376 maris
550 3345 643 3396 crpers
657 3349 690 3361 -
702 3322 721 3376 i.
741 3340 764 3376 e.
784 3339 817 3375 ex
834 3329 930 3374 mente
953 3321 1007 3371 Ca-

48 3388 178 3457 seuboui,
197 3405 281 3460 quem
293 3388 387 3458 plures
399 3393 508 3461 sequuti
519 3402 593 3459 sunt,
607 3392 693 3446 molle
708 3400 738 3445 et
748 3392 947 3452 effeminsuum,
960 3386 1007 3440 cui
