2454 4110
226 298 270 363 46
394 268 400 277 '
518 299 909 375 innumerorum„

228 452 257 497 et
274 442 401 497 iuvenilis
415 443 531 497 ambitio
545 445 681 515 urgebam
698 445 780 499 illum
797 443 967 515 Agrippinae
985 451 1062 498 artes
1076 452 1107 498 et
1120 444 1186 499 adu·

225 513 350 565 latorum
362 514 454 569 turba.
478 514 633 583 Opprobn‘o
648 514 734 589 igitur
748 515 854 567 Neroni
869 530 927 565 non
944 522 1014 581 erat,
1033 514 1187 585 quod-tna-

225 583 315 637 unius
327 582 364 635 ad
374 582 580 653 rempublicam
591 582 711 653 adierat,
730 585 780 637 sed
790 585 852 636 iure
865 582 1010 636 Alcibiadi.

295 654 341 708 Vs.
358 662 384 713 8.
409 659 559 709 Maiestate
578 675 720 708 monue—
731 656 825 706 Etiam
843 653 915 707 haec
932 653 1019 706 verba
1038 651 1186 707 Meister-cs

226 721 455 774 accommodavit
475 723 593 789 Neroni,
611 724 712 792 quippe
727 723 762 775 ab
778 722 938 792 eloquentia
957 722 1039 774 valde
1051 722 1143 803 inopi,
1161 731 1188 776 et

226 791 276 860 qui
297 792 460 861 compositis
481 793 517 844 ab
534 792 588 844 alio
626 796 739 861 uopiam
761 790 1036 844 orationibussolam
1054 799 1187 845 maiesta-

224 869 285 913 tem
299 877 399 912 manus
413 860 565 930 adiungere
572 810 724 921 didicisset.
761 862 850 912 Affert
863 860 936 913 hanc
947 860 977 911 in
989 877 1051 912 rem
1065 860 1185 915 Neronia

223 929 418 982 laudationem
436 929 544 980 Claudii
563 929 702 995 Caesaris,
722 930 783 981 al..
801 934 915 981 Annaeo
937 932 1043 982 Seneca
1056 930 1187 983 elabora·

224 1006 301 1063 tarn,
319 1007 348 1050 et
360 997 437 1067 quod
454 997 576 1049 seniores
589 997 666 1065 apud
677 997 807 1050 Tacitum
825 996 992 1065 Ann.l,18.
1011 1016 1036 1053 c.
1054 1006 1083 1061 3.
1099 998 1185 1053 adno-

223 1068 331 1131 tabant,
348 1069 491 1119 Neronem
509 1066 616 1119 alienae
629 1066 778 1119 facundiae
796 1067 913 1139 egnisse.
936 1068 1077 1137 Loquitur
1090 1076 1184 1121 temen

224 1145 309 1206 poeta
321 1135 356 1189 de
367 1136 531 1189 turbulenta
541 1136 706 1206 plebeculae
725 1137 864 1189 seditione
879 1137 953 1189 elata
967 1152 1053 1189 manu
1070 1153 1184 1209 compe·

224 1204 342 1272 scenda,
358 1222 412 1258 nec
425 1214 543 1272 constat,
561 1222 616 1259 nec
630 1206 765 1260 credibile
777 1215 827 1274 est,
846 1207 989 1259 Neronem
1000 1205 1034 1263 ¹in
1047 1206 1184 1261 eiusmodi

225 1274 362 1328 concione
376 1293 502 1347 unquam
513 1275 598 1328 verba
611 1274 721 1329 fecisse.
751 1280 828 1339 Quae
843 1275 964 1328 verbasi
978 1283 1095 1345 praeter
1107 1275 1183 1329 alci-

223 1342 336 1397 biadem
354 1344 423 1397 alios
446 1360 559 1415 quoque
577 1354 718 1415 pungant,
743 1343 855 1398 iuvenes
875 1347 1016 1397 Romanos
1034 1344 1182 1416 intelliges,
1213 1342 1217 1353 '

224 1414 273 1481 qui
287 1413 424 1482 populum
439 1431 506 1466 cum
522 1413 651 1481 superbia
665 1413 786 1483 quadam
801 1413 961 1479 allocuturi,
978 1423 1117 1484 tanquam
1126 1414 1183 1467 elo-

225 1484 341 1551 quentia
355 1498 405 1534 sua
419 1482 528 1547 confisi,
541 1496 658 1532 manum
672 1481 861 1551 porrigerent,
881 1481 929 1533 sed
962 1482 1009 1534 nid
1024 1485 1130 1537 iustum
1142 1482 1182 1535 iu·

222 1550 384 1619 iustumque
399 1558 478 1611 esset,
488 1551 599 1619 penitus
612 1552 783 1621 ignorarent.
821 1553 913 1613 Quare
928 1501 1022 1605 aldit:
1041 1556 1116 1621 Quid
1134 1554 1181 1607 da·

223 1622 289 1675 inde
299 1620 428 1691 loquere?
447 1624 576 1687 Quirites,
589 1624 659 1682 Hoc,
690 1635 748 1684 uta,
761 1640 816 1673 non
829 1624 932 1673 iustum
945 1636 1001 1673 eet:
1019 1622 1180 1689 iliud-mim

222 1692 325 1743 rectius
332 1689 419 1741 illud:
432 1686 482 1739 ubi
496 1687 638 1757 imperitia
648 1641 698 1739 ilia
708 1687 820 1757 egregie
831 1696 947 1739 notatur
954 1689 1110 1744 verborum
1120 1704 1179 1759 per·

222 1756 394 1822 mutatione,
412 1758 496 1836 atque
513 1757 554 1809 sic
572 1755 636 1807 iusti
653 1755 806 1824 iniustique
824 1755 954 1808 notiones
977 1758 1051 1810 inter
1062 1776 1095 1812 se
1117 1774 1180 1812 con·

222 1824 387 1877 funduntur.
406 1826 551 1877 Meisterus
565 1832 665 1877 contra
681 1823 752 1875 haec
766 1824 917 1876 referenda
931 1836 1026 1878 censet
1039 1828 1077 1880 ad
1091 1829 1180 1881 Nero·

222 1894 266 1947 nie
282 1894 520 1959 consuetudinem,
532 1893 567 1945 de
599 1910 636 1946 na
646 1892 793 1945 Suetonius
808 1892 858 1945 vit.
874 1895 980 1947 Neron.
992 1911 1015 1948 c.
1027 1896 1070 1950 15.
1092 1893 1197 1968 loqui-'¹

222 1971 277 2026 tur,
295 1962 390 2015 omnia
411 1980 463 2032 pro
475 1962 567 2015 lubitu
603 1964 608 1974 '
624 1961 808 2015 cernendi·
818 1960 895 2015 Ριιιᾶ
903 1961 998 2031 recepi
1012 1966 1179 2019 auctoritate

221 2032 357 2085 Prisciani
377 2050 406 2101 p.
424 2034 501 2089 toea
525 2031 664 2098 l‘utschii,
687 2031 705 2085 i.
725 2048 749 2085 e.
774 2029 853 2082 verbi
872 2046 971 2097 causa,
996 2030 1074 2111 quod
1093 2032 1179 2117 magia

221 2101 318 2170 placet
333 2119 418 2173 quam
427 2119 508 2176 puto.
541 2106 575 2155 ln
592 2100 726 2171 proximis
740 2098 882 2170 particula
896 2104 995 2154 etenim
1008 2101 1118 2157 ironiae
1136 2120 1180 2157 m·

221 2170 323 2239 servit,
342 2187 414 2242 quae
436 2188 526 2243 usque
551 2171 588 2224 ad
616 2189 654 2227 vs.
672 2171 715 2231 13.
740 2168 917 2240 producitur.
952 2171 1098 2225 Sententia
1126 2180 1180 2227 este

221 2245 275 2309 Tu,
294 2241 344 2311 qui
363 2241 417 2293 iste
429 2242 497 2294 iusti
512 2240 666 2311 iniustique
686 2240 804 2293 scientia
822 2242 976 2293 instructus
989 2257 1033 2306 es,
1050 2240 1180 2295 animad-

222 2318 325 2377 vertas,
344 2317 481 2379 quantum
495 2327 512 2361 a
524 2325 592 2361 vero
606 2309 722 2377 politico
737 2308 834 2362 distes.
851 2312 892 2361 De
904 2310 996 2363 verbis
1008 2314 1108 2385 regula
1121 2332 1180 2367 our·

222 2400 260 2435 vc
271 2382 344 2434 subit
360 2387 413 2431 etc.
431 2378 488 2432 vid.
507 2379 663 2430 Gesnerum
674 2377 805 2429 inlexico
821 2395 844 2431 s.
862 2395 889 2430 v.
906 2399 998 2433 vareo.

291 2450 336 2501 Vs.
355 2450 382 2502 9.
398 2449 474 2500 Illud
485 2472 520 2489 -
534 2447 678 2500 Pasaovius
689 2450 763 2500 istud
780 2463 847 2499 cum
859 2446 939 2516 aliis,
950 2447 1000 2499 sed
1012 2449 1084 2501 illud
1094 2446 1191 2517 pluri·¹
1221 2466 1223 2477 ·

222 2516 264 2570 mi
276 2516 383 2569 habent
398 2516 465 2568 libri
484 2532 565 2582 msa,
584 2525 612 2569 et
624 2533 827 2586 nonnunquam
838 2516 868 2568 in
882 2515 1126 2571 distributionibus
1136 2532 1181 2569 re·
1221 2518 1223 2549 ²

222 2587 336 2656 petitur.
370 2584 490 2638 Martial.
509 2586 557 2640 lib.
574 2588 632 2652 Vll,
650 2588 675 2641 9.
713 2590 764 2640 uid
773 2589 810 2638 cd
824 2601 860 2649 te,
878 2594 923 2641 De
935 2602 997 2640 cute
1010 2587 1181 2660 quidseciat

223 2658 281 2723 ille,
300 2658 347 2709 vel
360 2657 407 2709 ille
418 2676 479 2713 oua.
498 2653 560 2708 Vid.
579 2658 677 2708 Horat.
719 2653 844 2708 ursellin.
862 2673 889 2724 p.
908 2656 1012 2725 seosq.

291 2724 881 2849 23⁰1&nigrum-theta-Vidloseph.
900 2724 1003 2795 scalig.
1021 2725 1180 2781 Coniectan.

243 2812 257 2845 a
280 2833 286 2847 .
359 2834 365 2846 .

222 2810 241 2864 p
260 2812 338 2916 ng.
358 2861 392 2918 14
408 2889 438 2901 ··
452 2870 495 2923 lo·
516 2864 587 2928 (luia
602 2876 633 2915 tu
651 2866 786 2935 igitur-
799 2862 941 2915 Sententia
954 2870 1013 2914 esti
1030 2862 1074 2914 Tu
1084 2861 1180 2933 igitur,

224 2932 270 2987 cui
304 2929 466 2984 ulchritudo
493 2930 620 2999 corporis
645 2930 676 2983 in
697 2932 846 3001 republica
872 2930 1094 2983 administranda
1111 2931 1182 2983 nibil

223 2950 348 3072 prodest,
367 3000 462 3053 desine
474 3000 589 3070 populo,
608 3000 657 3069 qui
667 3001 809 3054 blanditiis
819 3002 941 3053 maxime
957 3000 1124 3069 ducitur‚'te
1136 3001 1181 3054 ia-

224 3080 301 3123 ctare
313 3086 352 3125 ec.
371 3073 520 3125 antediem
544 3070 562 3122 i.
576 3086 601 3124 e.
616 3088 702 3139 quum
721 3070 847 3123 nondum
863 3087 926 3122 enm
940 3078 1061 3122 aetatem
1080 3078 1181 3123 nactus

223 3139 273 3204 sis,
294 3156 349 3207 qua
369 3140 527 3191 necessaria
551 3156 647 3191 rerum
671 3140 832 3211 cognitione
854 3148 1009 3191 exstructus
1038 3138 1180 3193 civitatem

224 3207 331 3277 optime
346 3224 446 3278 regere
458 3209 561 3277 possis3
579 3217 611 3260 tu
624 3210 717 3277 potius
732 3208 894 3277 Anticyram
916 3207 960 3261 adi
984 3217 1011 3259 et
1032 3206 1180 3261 helleboro

223 3293 304 3330 mero
321 3285 350 3327 te
365 3293 455 3347 purga
472 3280 507 3330 ab
523 3280 575 3331 ista
592 3287 641 3329 tua
652 3279 789 3332 insania.’'
825 3281 866 3330 De
885 3276 940 3330 hoc
953 3294 1005 3329 usu
1024 3277 1182 3346 particulae

176 3394 183 3401 .
224 3350 290 3420 quin
300 3344 356 3397 vid.
374 3346 551 3400 llamshornii
560 3365 682 3420 gramm.
699 3348 750 3402 lat.
769 3365 834 3417 pag.
852 3346 913 3403 494.
931 3349 1006 3398 llaec
1020 3346 1127 3412 omnia,
1148 3355 1181 3401 ut

225 3434 243 3472 a
257 3414 417 3471 casaubono
430 3417 498 3473 satis
510 3434 649 3491 superque
663 3417 886 3473 demonstratum
901 3424 951 3484 eat,
959 3413 1098 3470 Alcibiadi
1108 3417 1181 3473 bene
