2414 4140
374 788 991 941 Anuoninlouns.·
1052 842 1060 852 ·

509 1258 859 1312 Pnonoous.

269 1378 316 1432 Vs.
335 1377 362 1436 4.
385 1378 743 1455 Heliconiodcsque-Alii
755 1380 1002 1453 Heliconide-eque,
1020 1373 1163 1433 illudet!¹

203 1448 299 1501 multis
312 1448 392 1501 libris
423 1449 544 1517 raefero,
553 1450 594 1503 ita
606 1460 713 1515 umen,
720 1458 754 1503 ut
766 1455 796 1505 ia
809 1449 840 1501 in
853 1467 940 1502 unam
952 1448 1092 1521 syllabam
1102 1465 1163 1503 oon·

203 1518 341 1574 trahatur.
357 1519 391 1571 Vi
412 1559 418 1572 .
435 1518 596 1573 Schneider.
615 1520 650 1573 de
665 1518 776 1575 dialect.
787 1516 870 1589 Soph.
881 1536 909 1589 p.
919 1518 971 1588 55,
989 1516 1162 1591 eiusdemque

202 1596 263 1645 aot.
279 1588 315 1641 ad
327 1588 444 1641 Philoct.
459 1588 537 1645 1834.

207 1720 210 1725 ¹
271 1660 317 1711 Vs.
336 1658 363 1713 5.
381 1663 499 1713 remitto.
522 1656 640 1711 Restitni
659 1673 713 1727 pro
731 1658 871 1729 relinquo,
889 1654 968 1727 quod
988 1657 1162 1713 Passoviuet

203 1724 285 1783 codd.
295 1728 412 1797 recepit,
422 1728 471 1780 sed
481 1726 576 1779 Orellii
585 1727 751 1780 auctoritate
762 1742 815 1795 pro
825 1724 994 1795 glossemate
1007 1726 1163 1780 habendum

205 1807 253 1851 est.
273 1797 426 1850 Commode
444 1798 534 1850 utitur
552 1803 637 1866 poeta
654 1812 717 1849 voc.
736 1798 862 1858 remitto,
881 1794 958 1863 quod
974 1796 1085 1848 Romae
1103 1804 1162 1848 tant

166 1861 169 1867 ’
201 1869 338 1937 temporis
353 1867 534 1921 recitantium
552 1874 704 1949 poetarum
725 1862 923 1917 iactationibus
942 1862 977 1915 de
994 1860 1161 1919 commento

202 1954 270 1990 curn
284 1939 378 2006 Musis,
398 1948 427 1992 et
439 1939 538 1991 afflatu
552 1934 619 1989 inde
638 1934 733 1989 divino
750 1940 866 2053 acceqto
879 1930 1015 1998 interfuit,
1031 1934 1082 1986 sed
1101 1928 1175 1987 nibil.

202 2022 301 2060 earum
314 2007 344 2059 in
355 2008 502 2075 proprium
514 2024 597 2060 usum
608 2012 824 2059 converterem
836 2010 857 2059 t.
873 2008 878 2017 “
891 2004 986 2066 Quare
999 2002 1095 2057 addit:
1112 2008 1171 2078 ipu-

201 2080 404 2193 semipuffianna.
418 2074 612 2152 (lasaubonusz
629 2077 756 2141 remitto,
764 2074 864 2145 inquit,
879 2074 953 2145 apud
965 2075 1089 2143 optimos
1101 2068 1162 2145 mig

200 2151 306 2263 ptores}
331 2160 365 2193 ac
378 2150 509 2211 notione,
521 2158 610 2213 quum
626 2142 734 2215 aliquid
746 2141 965 2213 παραιτούμεθα
978 2153 1007 2197 et
1027 2144 1162 2199 reficimus

308 2218 394 2265 atum.

200 2228 219 2263 v
259 2229 317 2333 oVs.
331 2281 357 2333 8.
375 2280 441 2331 Post
453 2262 530 2347 liuns
539 2294 653 2331 versum
667 2277 698 2331 iu
711 2276 775 2333 cod.
795 2282 887 2335 Bram.
907 2291 936 2335 et
948 2283 1059 2354 aliquot
1070 2282 1162 2337 editio·

200 2348 292 2416 nibus,
302 2357 334 2400 ut
346 2348 376 2401 in
389 2346 539 2401 novissima
550 2348 710 2417 Achaintrii,
724 2348 867 2403 invenitur
878 2350 926 2415 hio
940 2370 1048 2405 versus:
1067 2356 1162 2407 corint

204 2420 266 2489 quis
279 2418 348 2470 olim
362 2434 519 2471 concavum
529 2418 679 2486 salutarel,
697 2436 782 2489 quem
796 2419 915 2473 fortusse
929 2422 965 2473 ed
977 2422 1162 2475 narrationem

202 2488 273 2541 Plin.
290 2489 359 2541 Ilist.
376 2491 439 2544 Nat.
457 2487 505 2539 lib.
521 2490 557 2539 X.
575 2505 600 2539 c.
617 2488 662 2543 43.
680 2491 882 2558 compositum,
901 2507 938 2542 ne
951 2493 1046 2544 Persio
1062 2492 1162 2545 tribua·

201 2574 273 2624 mus,
288 2568 364 2610 vetut
378 2566 491 2628 praeter
505 2556 560 2609 alia
575 2558 715 2627 particula
729 2562 803 2613 olim.
827 2562 861 2611 In
875 2559 997 2612 editione
1017 2556 1163 2613 Britannici

201 2644 247 2680 an.
263 2629 340 2685 1505.
359 2628 531 2708 adscriptum
544 2636 601 2680 est:
618 2632 721 2681 Versus
738 2628 785 2681 hie
806 2644 823 2679 a
836 2630 968 2697 Fonteio,
985 2646 1045 2683 nou
1058 2630 1095 2683 ab
1106 2628 1162 2685 alii·

201 2698 324 2766 ponitur.
360 2702 491 2753 Fonteius
502 2696 588 2749 Persii
600 2698 707 2751 amicus
719 2697 806 2751 fuisse
819 2697 932 2752 dieitur.

270 2771 317 2821 Vs.
337 2766 379 2823 14.
397 2758 589 2831 Acbaintrius,
606 2768 769 2821 'l'urnebum
780 2767 810 2819 in
824 2766 948 2820 Adverso.
961 2760 989 2835 4,
1005 2768 1048 2825 22
1067 2784 1096 2839 p.
1107 2766 1162 2837 tlt,

203 2836 245 2889 10.
259 2843 288 2888 et
302 2841 345 2903 10,
360 2838 402 2893 18.
419 2854 446 2906 p.
459 2838 521 2900 209,
533 2836 577 2890 24.
594 2846 737 2906 sequutus,
757 2836 844 2888 verba
854 2836 891 2887 'in
900 2836 1030 2891 versione
1046 2840 1164 2891 Franco·

200 2904 303 2973 gallica
323 2908 363 2959 sic
383 2905 540 2958 transtulit:
558 2908 678 2959 cantare
699 2906 848 2976 Pegaaium
868 2906 958 2959 melos
976 2905 1094 2973 credun
1110 2904 1163 2975 alii,

200 2981 233 3023 ut
247 2983 372 3027 metrum
386 2984 543 3039 seruarent,
561 2975 722 3028 scribebant
734 2972 849 3044 mallos,
867 2974 915 3027 alii
931 2976 1093 3030 retinebant
1110 2998 1163 3032 me·

200 3042 241 3094 Ios
252 3041 337 3113 longa
350 3046 465 3114 syllaba.
500 3042 597 3095 Melius
611 3053 708 3097 tamen
723 3060 825 3107 nectar,
844 3044 919 3115 quod
932 3045 1026 3115 plures
1040 3047 1123 3103 codd.
1138 3052 1164 3099 et

200 3108 308 3162 ueizius
329 3122 357 3163 et
374 3113 516 3167 Passovius
528 3122 558 3165 et
572 3114 690 3166 Orellius
709 3115 738 3165 in
757 3114 925 3167 editionibus
944 3115 1064 3181 habent,
1083 3131 1163 3186 praa·

200 3179 301 3232 fertur.
336 3184 396 3236 Hoc
411 3184 477 3237 satis
492 3201 521 3235 se
537 3182 719 3236 commendat
730 3198 773 3247 eo,
786 3183 861 3253 quod
874 3184 981 3236 Persius
1016 3194 1094 3238 oetas
1113 3202 1163 3239 aa·

201 3249 305 3319 (proles,
324 3251 372 3319 qui
394 3253 530 3305 sublatius
550 3252 586 3304 de
603 3252 760 3304 carminum
771 3268 886 3305 suorum
901 3252 983 3305 dulce
1004 3253 1050 3307 ine
1064 3256 1111 3321 vel
1122 3256 1162 3311 lo·

201 3327 362 3392 querentur,
374 3321 419 3375 rol
431 3324 605 3394 cogitarent,
622 3321 676 3375 hac
692 3320 815 3376 dictione
827 3322 920 3377 risisse
934 3321 1053 3383 videtur.
