2454 4110
223 320 266 381 62
516 314 887 372 ΑΝΝΟΤΑΤΙΟΝΕΒ.

224 462 368 534 probanda
381 471 431 516 est.
465 463 562 534 liugas
576 471 643 515 sunt
655 461 751 531 plicae
762 462 881 516 vestium
897 440 1063 527 eminentes,
1081 471 1182 517 contra

225 532 356 587 cavitates
370 531 445 584 inter
457 548 541 603 rugas
552 531 782 586 sinus²diourl³tun
798 531 861 585 Vid.
878 531 1027 603 Forpellin.
1047 533 1131 584 lexic.

293 602 517 681 Depunge-vSio
531 609 653 671 quatuor
665 600 750 654 Codd.
769 601 842 670 apud
855 600 923 655 Ach.
936 610 965 653 et
978 601 1181 655 Wimariensis.

225 671 364 723 Gesnerus
379 687 410 720 m
428 668 519 722 lexico
538 687 559 725 s.
577 670 605 722 h.
624 686 667 721 v.:
690 670 709 701 “
715 672 776 722 Hoc
793 670 912 722 verbum
935 685 969 721 ex
989 686 1056 723 mss.
1075 668 1182 723 Pithoei

223 740 316 792 Persio
329 737 453 790 reddidit
464 739 640 791 Casaubonus
651 756 704 807 pro
718 739 793 808 vulg.
803 743 938 811 Depinge.
957 738 1077 791 Videtur
1088 748 1183 791 autem

226 825 242 861 e
254 807 379 860 literario
391 807 461 859 ludo
474 816 509 859 et·
517 807 740 861 Grammatistioe
757 816 912 860 assumtum
996 808 1132 875 ¹uerbum,
1149 815 1182 859 ut

224 876 301 928 idem
312 876 356 941 sit,
369 875 445 944 quod
457 875 662 944 interpungere,
676 875 765 939 finem
775 876 915 945 assignare
927 892 945 944 p
986 877 1108 929 'uirenti
1120 893 1183 929 ora-

223 946 310 998 tioni:
330 943 405 1012 quod
423 942 508 995 facile
525 942 695 1011 probabunt,
713 943 762 1012 qui
776 942 929 1007 attendent,
946 942 993 996 lrio
1009 944 1044 997 de
1058 954 1088 997 te
1139 947 1143 957 '
1165 963 1180 997 o

225 1012 354 1083 ponendo
365 1011 554 1079 voluptatibus
566 1027 726 1063 sermonem
739 1027 807 1076 esse,
826 1028 911 1081 quem
922 1012 969 1081 qui
982 1022 1089 1078 statuit,
1106 1014 1117 1065 i
1137 1031 1183 1067 em

226 1091 268 1135 est
277 1086 416 1148 Inventor,
435 1084 548 1152 Chrysip
568 1102 592 1145 e,
610 1084 652 1132 tui
666 1094 694 1133 et
700 1082 803 1149 finitor
816 1086 917 1134 acerui.
936 1081 1068 1144 Quodad
1080 1083 1183 1135 libram

225 1167 247 1206 s.
263 1159 399 1271 dlstateram
411 1148 533 1205 recurrit
545 1101 732 1219 deseruimus,
750 1148 820 1203 mihi
833 1149 947 1221 quidem
966 1150 1114 1205 videbatur
1132 1152 1182 1205 im·

225 1235 261 1289 pe
283 1220 372 1273 'tius.'’
640 1224 644 1251 ⁵
792 1276 798 1291 ι
1121 1264 1124 1269 .

296 1290 342 1342 ubi
365 1291 462 1342 sistam
485 1313 520 1327 ·—
542 1289 646 1341 Censor
671 1286 794 1341 lenensis
822 1291 906 1342 sistat
921 1304 973 1357 pro
993 1293 1091 1345 sistam
1116 1289 1182 1341 sori-

225 1358 295 1410 bens
309 1356 395 1409 verba
410 1356 449 1409 sio
461 1355 582 1427 intelligi
598 1358 670 1409 vult:
689 1361 775 1430 ‹lepun
797 1379 825 1423 e,
844 1359 890 1410 ubi
910 1362 994 1411 sistat
1013 1375 1053 1411 so.
1072 1378 1182 1423 avarus,

227 1442 269 1497 tu,
288 1429 443 1498 Chrysippus,
461 1430 587 1480 inventus
605 1429 658 1495 (pr.
672 1378 853 1492 invented-tui
866 1430 959 1480 accivi
972 1429 1102 1496 finitor,”
1120 1427 1185 1497 quia

226 1494 324 1547 finitor
343 1493 435 1545 acervi
448 1510 507 1561 *non
520 1495 647 1546 inventus
665 1503 693 1546 et
713 1494 820 1564 rogatio
836 1497 969 1566 depunge,
984 1497 1030 1550 ubi
1044 1499 1144 1550 sistam
1155 1495 1184 1547 in

226 1580 277 1615 ere
289 1562 365 1614 avari
378 1561 570 1632 inopportuna
583 1562 627 1616 sit.
663 1564 717 1616 Sed
734 1563 789 1614 hoo
803 1563 908 1631 ipsum,
927 1565 1004 1634 quod
1018 1580 1118 1616 avaros
1139 1580 1184 1615 ro·

226 1639 340 1702 gereret
356 1629 495 1696 Persium,
507 1641 540 1683 ut
554 1632 691 1683 indicaret
700 1632 755 1685 sibi
766 1641 876 1683 cerrum
893 1648 959 1684 suae
977 1632 1141 1701 cupiditatis
1152 1632 1184 1683 li·

227 1717 302 1767 nem,
315 1716 370 1769 quo
385 1698 501 1769 quodvis
513 1700 589 1752 aliud
602 1699 711 1750 facilius
724 1707 816 1767 potest
830 1700 1045 1767 constitui,satis
1058 1700 1184 1769 lepidum

228 1776 278 1822 edt-
315 1772 407 1832 Qllal'e
418 1767 568 1836 respondet
579 1766 685 1817 POI’SlUS
701 1770 787 1829 Ecce,
812 1770 972 1839 Chry-tim,
998 1774 1128 1823 inventus
1146 1783 1186 1831 03(
1207 1810 1212 1819 ,

228 1843 270 1893 tui
284 1838 494 1955 acervipinitor:
514 1850 584 1904 quae
596 1834 681 1884 verba
693 1834 716 1884 si
733 1834 902 1885 verbotenus
912 1836 1064 1907 intelligas,
1082 1838 1184 1890 habent

228 1922 303 1971 sane,
321 1922 376 1974 quo
412 1904 539 1973 ineptum
554 1901 689 1971 appellari
703 1910 795 1971 queat.
819 1901 923 1964 Quidni
936 1920 1004 1955 vero
1018 1905 1147 1959 ironiam
1156 1905 1183 1957 iis

228 1975 339 2027 subesse
350 1978 488 2042 putemus,
497 1980 530 2023 ut
542 1979 639 2040 aperta
647 1971 783 2022 sententia
793 1970 864 2021 haec
878 1970 929 2022 sit:
945 1973 1185 2040 quemadmodum

230 2043 395 2112 Chrysippus
408 2057 465 2092 non
481 2040 572 2110 potuit
585 2040 676 2092 soritis
686 2039 773 2091 finem
790 2038 930 2103 invenire,
942 2041 982 2092 ita
1003 2041 1090 2093 etiam
1112 2042 1185 2096 avari

229 2112 395 2181 cupiditates
402 2110 571 2162 immodicae
582 2109 661 2161 nullo
673 2108 757 2160 modo
765 2108 906 2163 finiuntur.
919 2111 1006 2160 Porro
1021 2109 1044 2160 si
1052 2111 1107 2163 viri
1114 2112 1186 2164 illius

230 2179 455 2235 emendationem
466 2179 618 2248 sequimur,
636 2177 706 2229 dura
718 2182 761 2229 e'st
775 2177 949 2244 pronominis
956 2192 986 2231 tu
999 2179 1124 2244 omissio,
1139 2178 1187 2231 du·

230 2265 277 2301 rus
294 2247 481 2301 nominativus
501 2263 554 2314 pro
575 2249 719 2310 vocativo'3
744 2245 910 2298 offendimus
931 2245 1031 2299 deinde
1052 2250 1082 2300 in
1102 2248 1187 2316 ipsius

230 2316 308 2369 verbi
333 2320 459 2368 inventus
479 2308 699 2383 significatione,
719 2311 840 2380 denique
858 2315 893 2377 in¹
905 2315 1001 2367 addito
1020 2317 1187 2384 pronomine
1221 2360 1223 2365 .

231 2390 274 2440 tui
281 2422 289 2448 ‚
311 2381 389 2454 quod
400 2381 470 2432 ferri
485 2380 649 2448 neutiquam
661 2387 762 2448 potest.
775 2383 830 2432 Gur
842 2383 928 2435 etiam
941 2384 1056 2453 Chrysip
1076 2401 1108 2435 us
1124 2402 1189 2437 ava·
1220 2448 1223 2453 Ι

231 2453 312 2506 ritiae
330 2448 486 2501 terminum
504 2448 646 2517 imponat,
665 2464 752 2516 quum
770 2448 816 2515 id,
838 2459 869 2501 ut
881 2461 1025 2505 contextus
1069 2463 1151 2519 ocet,
1171 2470 1188 2503 a

230 2520 323 2578 Persio
336 2516 534 2587 postulandum
545 2517 601 2569 sit?
622 2519 752 2573 Ceterum
763 2516 1039 2575 intelletttl'diffioile
1054 2523 1104 2595 est²
1117 2538 1188 2592 quo-
1219 2536 1222 2541 ·

232 2589 317 2644 modo
328 2586 465 2644 sistamin
478 2591 561 2643 sistat
574 2586 723 2641 transierit.
930 2606 933 2610 ·
1108 2598 1116 2611 ⁸
