2414 4140
207 222 249 289 aa
499 208 869 274 auuoramones.

206 371 236 423 in
248 367 336 421 libros
350 362 493 437 irrepsisse
513 363 638 433 ridetur,
657 378 759 434 quam,
777 362 800 414 si
821 361 978 416 Gasauboui
997 363 1163 435 explicatio.

206 436 273 493 nim
285 446 459 506 spectamus,
476 436 601 505 ineptam
620 433 769 502 appellem.
804 431 856 483 Illa
871 442 968 485 autem
994 436 1091 488 sensui
1106 454 1163 489 ma·

206 508 281 561 xime
303 505 516 558 accommodata
534 513 582 556 est.
619 507 711 566 Quum
732 501 807 553 enim
818 510 901 569 paeta
923 503 1162 571 animadverterit,

207 581 338 649 turgescit
353 580 443 629 vitrea
456 577 533 639 bilis,
551 572 647 624 statim
658 572 740 623 huius
759 570 801 622 rei
815 569 947 624 effectum
966 577 1101 628 Pinditur
1117 575 1163 627 ad-

208 646 266 709 dit,
285 645 313 697 h.
330 660 354 699 e.
372 645 416 696 ira
435 642 617 711 disrumpitur
637 650 666 692 et
685 641 726 692 ita
742 640 770 690 in
787 654 880 691 servos
894 640 930 692 ad
944 658 974 693 se
988 659 1049 695 non
1069 660 1164 697 accar-

206 722 300 767 rentes
313 713 458 778 exclamat,
471 720 503 762 ut
517 709 667 763 Arcadicos
682 710 773 761 asinos
792 708 895 760 rudere
908 708 994 765 dicas.
1013 716 1103 767 Dicas
1115 730 1163 783 pro

208 787 305 839 eredas
320 782 459 834 stabilitur
470 779 584 831 Arasonii
601 778 802 848 epigrammate
816 779 865 831 76:
887 782 979 833 asinos
993 800 1102 855 quoque
1119 802 1163 836 ru·

208 856 270 908 dere
281 855 373 918 dicos,
391 870 472 922 quum
484 852 526 901 vis
536 850 702 902 Arcadicum
708 850 826 917 fingere,
843 851 952 913 Marce,
989 869 1062 903 ecus.
1091 852 1163 904 Geta·

207 938 272 973 rum
283 935 429 989 compares
436 920 513 987 findi
531 934 596 969 cum
610 915 813 985 Chrysostomi,
831 916 937 973 Hamil.
951 868 1000 974 lei.
1018 919 1050 971 iu
1069 919 1163 991 ep...ad

206 988 276 1059 Eph.
294 989 478 1057 ὃιαπρὶεσθαι
490 980 525 1040 ed
539 982 686 1054 σπλάγχνα.
1152 1033 1157 1041 ,

276 1060 324 1113 Vs.
340 1061 381 1114 12.
420 1059 723 1123 aeritur-Querimur,
734 1061 820 1127 utnvs.
830 1052 882 1121 14,
901 1052 932 1105 in
944 1050 1029 1106 codd,
1049 1052 1162 1124 quihus-

208 1126 275 1181 dam
287 1127 361 1196 apud
373 1131 395 1178 A
433 1125 574 1191 aintrium,
596 1132 624 1175 et
639 1122 806 1175 editionibus
818 1122 938 1174 maxime
951 1125 1160 1191 recentioribus,

208 1196 285 1268 quod
296 1196 420 1267 primum
435 1212 468 1247 ex
481 1194 549 1246 vitio
563 1193 703 1246 scribendi
718 1201 855 1257 exortum,
873 1190 974 1244 deiude
986 1207 1058 1245 voca
1070 1198 1161 1248 sterti-

207 1287 268 1321 mus
285 1283 324 1320 vs.
337 1267 364 1321 8.
387 1264 583 1318 confirmatum
594 1262 713 1314 videtur.

277 1337 323 1387 Vs.
342 1336 383 1388 17.
421 1354 522 1405 appare
534 1337 705 1386 minutum·
720 1331 818 1385 lallare
829 1356 865 1369 -
876 1330 930 1381 Pro
945 1332 1082 1383 minatum
1094 1344 1162 1382 nott-

206 1402 289 1467 nulli,
305 1411 377 1454 teste
410 1401 558 1466 ritannico,
576 1401 695 1455 minutal
707 1399 826 1464 habent,
845 1399 893 1467 qui
908 1406 1005 1449 tamen
1025 1397 1106 1451 cibus
1124 1400 1162 1449 ia·

206 1471 329 1524 fartibus
341 1488 400 1523 non
414 1470 553 1523 convenit.
571 1475 698 1542 Pappare
714 1467 780 1537 quid
796 1467 833 1519 sit
864 1467 947 1520 uerili
962 1464 1095 1527 dialecto,
1108 1483 1172 1539 arn·¹

205 1540 324 1611 biguum
340 1557 397 1592 non
417 1548 474 1606 est,
491 1538 541 1591 sed
556 1538 725 1607 interpretes
745 1536 774 1588 in
797 1552 849 1606 exp
865 1536 961 1589 'canda
979 1552 1051 1587 soca
1070 1538 1162 1591 lallare

206 1608 283 1662 iuter
296 1626 326 1661 se
339 1608 481 1662 differunt.
516 1607 570 1659 Alii
581 1607 611 1661 id
623 1607 721 1659 dicunt
732 1622 790 1658 esse
804 1604 834 1658 b.
846 1605 866 1660 l.
885 1608 981 1672 bibere,
1000 1607 1046 1659 lac
1059 1625 1160 1678 sugere,

125 1686 142 1699 ’“
207 1678 257 1730 alii
268 1683 306 1733 od
317 1699 439 1733 somnam
451 1682 579 1731 invitare.
606 1675 929 1729 Gesnerusinthesauro
950 1692 972 1726 s.
990 1672 1019 1725 h.
1038 1690 1067 1729 v.
1085 1675 1162 1729 alieti

206 1746 417 1817 Hieronymum,
435 1746 520 1800 Persii
534 1746 714 1811 imitatorem,
729 1744 808 1813 epist.
823 1748 844 1797 1.
857 1744 894 1797 ad
907 1742 1016 1796 Heliod.
1026 1742 1163 1809 Maneat..

206 1816 256 1886 qui
273 1817 393 1900 uerbum
412 1818 511 1900 lallare
534 1815 622 1884 priori
641 1813 846 1937 silpnificationa
871 1812 1000 1865 sumsisse
1020 1812 1160 1894 rideatur:

205 1889 336 1940 Forsitan
352 1902 380 1941 et
398 1888 471 1939 laxis
491 1887 600 1940 uberum
617 1904 655 1958 pe
676 1886 734 1937 ebus
752 1898 856 1949 mater,
872 1896 952 1936 arata
965 1901 998 1934 ru
1019 1901 1046 1933 ta
1059 1884 1161 1954 fronte,

206 1962 351 2027 antiquum
374 1957 496 2027 reserens
519 1975 651 2011 mammae
671 1955 770 2007 lallare
798 1954 973 2023 congeminet·
1032 1958 1112 2004 trum
1183 1976 1188 1989 ·

204 2040 266 2145 vopl
272 2022 431 2142 ‘ltiffifflff
443 2034 610 2145 pppgsnspst
622 2024 711 2141 enim,
728 2028 761 2073 ut
773 2036 970 2143 pappape,fgr,
983 2018 1060 2093 βρῦνΙ
1071 2028 1101 2072 et
1139 2019 1145 2031 '

204 2093 411 2228 iirlceslripiidin
422 2130 525 2226 ‘pueris
538 2094 732 2211 1velztidiiuiree
741 2107 813 2226 ,milei
828 2104 1162 2227 liciericpi’aildiiiiiiiil,

205 2226 385 2279 adhibebant.
411 2228 471 2277 Hoc
484 2226 549 2279 loco
564 2226 705 2279 cantilena
719 2226 838 2280 nutricis
857 2236 907 2296 eat,
924 2228 960 2279 ad
975 2243 1109 2296 soporem
1122 2226 1162 2279 io·-

205 2296 332 2361 vitantis;
349 2294 531 2358 hircinum,
549 2303 578 2346 et
596 2294 673 2415 apud
689 2296 841 2349 Ausonium
859 2314 903 2367 ap.
922 2298 965 2352 16.
982 2312 1021 2349 vs.
1039 2301 1085 2357 90.
1104 2297 1162 2351 lolli

621 2382 628 2415 t

205 2365 348 2437 tomuifhri
366 2365 448 2418 modi.
484 2363 584 2416 Graeci
631 2374 700 2417 cunt
724 2366 915 2438 βανκαλὶζειν,
933 2366 1095 2438 dammas,
1112 2384 1161 2421 tta-

204 2448 223 2488 τ
261 2434 467 2501 ematurata,
482 2432 749 2506 καταβαυκὰλισμος.
766 2440 905 2489 Mammas
916 2452 974 2487 non
990 2443 1033 2487 est
1046 2421 1160 2501 dativus,

205 2517 235 2555 se
276 2502 431 2575 genitivum
452 2501 558 2573 pendet
580 2506 728 2570 aialim,
753 2503 831 2585 quod
849 2520 991 2559 mammae
1015 2505 1160 2575 proprium

206 2580 268 2642 est,
287 2572 418 2643 quodque
430 2588 482 2642 pro
498 2572 559 2640 ipso
574 2572 688 2626 nomine
702 2581 826 2643 ponitur.
1073 2630 1082 2641 .‚

259 2644 322 2695 'Va
338 2644 382 2697 tt.
400 2642 445 2696 22.
461 2638 504 2693 ad
516 2642 712 2713 tautologiam,
730 2658 802 2712 quae
813 2641 906 2695 verbis
917 2641 990 2708 insit,
1007 2642 1159 2697 tollendam

207 2712 384 2763 Cssaubouus
398 2712 560 2784 respondens
573 2728 625 2779 pro
643 2714 788 2793 respondet
808 2710 989 2765 scribendum
1012 2720 1108 2781 putat,
1134 2720 1160 2763 et

209 2796 310 2833 censor
324 2779 439 2850 quidam
458 2778 714 2850 Heidelbergenstst
731 2795 814 2835 sonat
828 2785 928 2835 vitium
937 2800 1071 2854 percussa
1083 2784 1160 2837 mali·

207 2870 271 2921 gne,
287 2852 346 2905 Nee
358 2850 482 2923 splendet
492 2851 579 2901 viridi
589 2869 645 2902 nou
658 2865 737 2904 coeto
744 2851 847 2969 pretia
861 2852 933 2904 limo.
951 2848 1005 2901 sed
1016 2859 1159 2919 praeterea

207 2916 283 2994 quod
297 2926 358 2970 tum
375 2914 458 2968 multi
470 2916 529 2969 loci
544 2917 619 2984 apud
631 2927 728 2986 poetas
741 2976 745 2982 ,
758 2918 867 2984 atiuos,
884 2918 1011 2971 satiricos
1031 2936 1159 2988 praeser-

204 2992 275 3048 tim,
294 2984 452 3056 corrigendi
463 2993 567 3049 essent,
585 2986 614 3037 in
629 2987 729 3056 quibua
742 2986 843 3040 similia
855 2987 1051 3054 inveniuntur,
1069 3003 1160 3041 nonne

204 3067 318 3119 rursus,
338 3054 361 3105 ai
380 3068 462 3109 sonat
485 3057 581 3108 vitium
605 3058 726 3127 maligne
747 3055 880 3128 coniungi
896 3055 981 3123 velis,
1004 3057 1160 3130 tautologia

205 3119 351 3174 exoritur?
369 3126 466 3194 Neque
480 3121 539 3191 ipsa
547 3131 693 3175 contextus
707 3124 779 3177 ratio
794 3124 1002 3179 correctionem
1014 3126 1100 3181 istam
1113 3126 1159 3179 ad·

205 3189 299 3247 mittit.
335 3192 422 3245 Poeta
438 3192 512 3245 enim
531 3208 588 3244 non
605 3189 639 3243 de
653 3200 766 3245 externa
780 3193 899 3247 hominis
911 3194 1056 3249 delicatuli
1069 3196 1159 3267 specie

205 3256 346 3329 loquitur,
364 3260 412 3311 sed
433 3260 468 3313 de
483 3261 578 3314 animo
593 3258 652 3312 eius
665 3259 826 3316 excolendo.
860 3266 966 3317 Tamen
981 3263 1025 3317 sir
1043 3264 1093 3318 ille
1107 3265 1158 3319 do·

206 3337 268 3381 otus
286 3326 360 3381 hano
372 3329 464 3382 serbis
479 3329 644 3385 senteutiam
657 3327 768 3383 subdit:
786 3332 831 3386 ein
842 3332 1052 3405 ungebranntes
1064 3335 1160 3391 Gestat
