2454 4110
345 200 362 225 'k

355 330 722 429 annommonua
973 336 1015 401 55

59 478 160 549 rendi,
177 495 298 551 quorum
324 476 457 548 cogitatio
475 484 535 531 tota
554 478 588 532 dc
606 489 720 549 ventre,
737 480 767 533 in
785 492 900 550 ventre,
918 493 948 537 et
964 483 1016 543 snb

58 560 160 605 ventre
174 559 228 603 est:
247 549 347 620 quibus
358 547 488 599 satisfieri
503 548 616 601 omnino
630 567 689 602 non
700 559 801 619 potest,
816 553 909 605 donec
919 563 1016 607 ventre

60 621 246 689 despumante
264 619 295 670 in
314 619 454 671 Venerem
476 616 626 670 delectatio
646 618 729 689 gulae
742 620 904 674 lumborum
916 622 1018 675 excitet

60 690 246 757 voluptatem.
264 687 380 740 Abiecta
391 684 531 756 siquidem
543 689 701 741 reverentia
716 704 749 740 ex
762 689 866 743 timore
879 690 1018 745 tremendi

58 757 168 824 iudicii,
178 756 339 808 relaxantur
352 754 387 807 ad
402 771 498 807 omnes
511 755 669 824 illecebras·
685 757 755 809 etin
767 759 876 810 cunctis
888 768 1017 813 extraor-

60 826 178 880 dinariis
189 826 376 895 voluptatihus
391 841 421 877 se
434 825 570 878 volutant.
593 830 648 881 Sed
659 848 741 901 quum
752 830 877 900 lapidoso
889 832 1019 899 chiragra

59 898 187 969 Fiegsrit
202 898 334 950 articulos
344 898 445 949 vareris
455 897 575 949 ramalia
578 897 650 969 sagi
655 934 664 964 ‚
686 901 753 951 Tum
765 918 872 951 crassos
884 902 1019 951 transisse

60 969 132 1033 dies,
149 966 286 1036 lucemque
301 966 467 1036 palustrem,
485 970 524 1017 Et
541 966 594 1018 sibi
612 972 669 1039 iam
686 971 741 1021 seri
759 970 846 1021 vitam
866 971 1019 1048 ingemuere

59 1036 195 1089 relictum
219 1039 261 1087 lta
276 1040 457 1086 convertetur
471 1032 590 1084 dulcedo
603 1033 632 1084 in
648 1034 874 1104 amaritudinem,
892 1054 922 1089 in
935 1052 1018 1108 aspe-
1085 1053 1089 1059 ·

58 1103 316 1169 siracusanum,
329 1100 479 1152 delectatio
489 1100 519 1151 in
532 1100 687 1155 dolorem.''
924 1140 930 1151 .

133 1174 179 1227 Vs.
191 1172 237 1226 63.
252 1178 292 1225 Ec
308 1178 373 1222 ante
387 1174 521 1236 iuvenum,
533 1179 566 1220 ut
577 1171 799 1240 inopportunum
811 1181 840 1224 et
848 1171 948 1225 inutile
962 1171 1020 1224 eie-

61 1239 104 1293 cit
121 1239 297 1293 Achaintrius
318 1239 485 1290 auctoritate
505 1237 586 1292 codd.
605 1257 728 1294 suorum.
764 1242 850 1294 Abest
864 1257 976 1323 (quoqne
988 1241 1019 1292 in

60 1308 155 1431 ⁶⁰3?ss
166 1308 285 1364 Wimar.
297 1317 326 1361 et
340 1306 534 1361 Ghemnicensi
547 1315 633 1378 atque
645 1309 675 1363 in
683 1309 813 1380 plurimis
827 1319 948 1381 antiqrus
961 1308 1021 1371 edi<

61 1378 104 1431 tio
129 1379 134 1388 “
156 1395 197 1433 us.
975 1397 979 1405 ·

132 1449 179 1502 Vs.
195 1447 239 1504 73.
257 1468 314 1503 non
326 1445 388 1513 hac,
406 1450 563 1530 utquisque
578 1450 780 1519 Velina-lta,
798 1457 832 1500 ut
843 1446 1021 1501 Achaimrins

58 1516 120 1584 ait,
144 1518 247 1586 optimi
272 1525 301 1570 et
320 1516 500 1570 vetustissimi
524 1515 650 1586 codices,
668 1519 757 1573 etiam
780 1517 974 1573 Wimariensia
992 1523 1020 1568 et

62 1585 279 1643 Chemnicensis.
296 1589 405 1639 Locum
416 1595 498 1639 antea
511 1586 675 1654 obscurum
692 1588 814 1658 ideoque
834 1587 911 1640 varia
927 1594 1021 1639 tenta·
1044 1649 1047 1653 Ι

61 1663 126 1707 tum
145 1656 263 1708 Orellius
282 1672 326 1722 eo,
385 1655 422 1708 od
434 1661 548 1729 quiaque
564 1672 616 1725 per
630 1662 799 1731 quicunque,
817 1661 919 1729 siquis
933 1654 1020 1724 expli·
1037 1657 1041 1665 '

62 1733 119 1789 cat,
137 1724 214 1777 clera
227 1726 291 1778 luce
303 1742 338 1794 pe
368 1725 436 1780 udit.
469 1725 625 1779 Passovius:
644 1744 702 1779 non
715 1730 775 1786 Ιιαε,
794 1746 884 1807 quam,
903 1740 934 1779 ut
947 1729 1021 1797 quis·

42 1814 125 1865 que,
145 1797 244 1848 Velina
257 1797 371 1848 Publius
390 1800 521 1849 erneruit:
538 1803 575 1855 ct¹
584 1795 730 1849 Meisterus
744 1795 881 1848 comecit:
900 1814 955 1848 non
967 1796 1021 1847 hac

62 1882 120 1934 qua
132 1890 166 1900 -
182 1879 213 1915 ut
226 1860 287 1933 quis
306 1884 341 1915 ue
358 1866 459 1916 Velina
471 1869 504 1916 P.
525 1864 638 1921 emeruit
651 1888 686 1905 -·
699 1867 852 1921 scabiosum
873 1864 1022 1917 tesserulae

53 1932 112 2002 far
121 1951 150 2001 p.
168 1930 223 1982 Sed
235 1884 350 1995 orellio,
358 1930 461 1981 vindici
472 1930 554 1981 huius
567 1930 633 1995 loci,
648 1931 710 1997 ipsa
723 1932 843 1983 varietas
857 1950 946 2001 quam,
956 1950 1020 2001 quc,

61 2006 216 2064 utrumque
226 1996 373 2047 insititiam
386 2013 446 2047 esse
460 1996 606 2063 persuasit.

134 2067 179 2115 Vs.
194 2067 238 2119 79.
261 2068 374 2116 Marcus
396 2068 488 2116 Dama
508 2092 542 2102 -
563 2065 644 2115 Hunc
667 2062 764 2116 locum
786 2063 855 2115 citat
870 2062 1022 2118 Politianus

64 2132 220 2254 Obsprvatt.
238 2140 267 2184 et
281 2131 438 2186 Emendatt.
456 2149 480 2189 c.
494 2131 539 2189 31.
555 2140 585 2184 et
600 2132 683 2202 plura
695 2133 752 2186 huc
769 2133 938 2203 pertinentia
958 2135 1023 2186 ani·

61 2218 112 2255 rua
131 2201 223 2254 vertit.

133 2275 180 2326 Vs
198 2272 242 2324 82.
259 2272 311 2323 hcc
322 2270 400 2324 nobis
411 2299 448 2311 —
459 2269 654 2323 Gasaubonus:
671 2270 712 2323 ite
726 2287 822 2324 omnes
842 2271 946 2340 scripti,
964 2288 1023 2325 non

63 2342 164 2397 hanc.''
181 2337 319 2391 Parisinus
334 2339 425 2392 Codex
439 2348 469 2392 at
480 2340 685 2392 Chemnicensis
703 2344 782 2405 lanc,
800 2341 850 2394 sed
865 2342 895 2393 in
910 2341 960 2395 illo
976 2358 1024 2393 su-

84 2408 267 2479 rescriptum
282 2416 324 2461 eat
335 2411 394 2464 hoc.
411 2410 562 2477 Passovius,
579 2418 611 2463 nt
625 2409 776 2464 Britannici
792 2410 1023 2480 editiunculam

123 2485 162 2531 et.

133 2548 180 2600 Vs.
197 2543 241 2601 84.
259 2565 315 2601 non
328 2565 428 2600 διαιν-
438 2551 552 2600 asurim
564 2547 706 2601 Paasovius
721 2554 749 2599 et
761 2546 879 2614 lieisius,
895 2562 951 2603 non
961 2566 1023 2601 sum

32 2644 36 2653 =
65 2615 238 2686 antiquiores
258 2613 328 2667 dant
346 2613 482 2668 editiones
498 2624 527 2668 et
546 2631 644 2668 omnes
657 2615 810 2669 Achaintrii
826 2614 953 2684 codices,
970 2616 1023 2668 etsi

65 2685 132 2739 isin
146 2684 274 2737 versione
288 2683 391 2755 gallica
405 2682 652 2755 nonsimrecepit.
985 2729 995 2743 ,,

135 2756 183 2808 Vs·
200 2756 245 2815 87.
261 2758 339 2807 Haec
350 2755 459 2826 reliqna
467 2757 588 2826 accipio:
609 2782 641 2793 -
657 2752 704 2805 Sic
713 2752 787 2805 hene
798 2750 974 2804 Achaintrius
989 2768 1024 2806 ex

65 2838 206 2879 consensu
218 2822 346 2875 omnium
358 2838 379 2875 a
398 2821 545 2888 codicum3
563 2822 707 2892 adspirant
719 2836 832 2891 quoque
845 2820 901 2888 alii,
918 2828 951 2873 ut
962 2821 1023 2875 Wi-

65 2891 222 2960 mariensis,
238 2890 451 2961 Chemnicensis,
468 2891 634 2961 Tiiricansia,
650 2892 715 2944 libr.
733 2889 894 2955 Britannici.
910 2892 942 2941 Iu
954 2906 1023 2959 pau·
1057 2948 1070 2955 ..

65 2963 235 3017 distantum
257 2969 346 3024 exstet
369 2966 430 3016 Hoc
440 2964 570 3035 reliquum
583 2966 702 3035 accipio:
719 2958 893 3031 quodetiam
907 2974 940 3011 ex
955 2963 1023 3014 doec

65 3034 176 3105 reliqua
189 3029 316 3099 facilius,
335 3047 420 3101 quam
433 3029 555 3083 invicem
568 3029 624 3083 hcc
640 3047 672 3082 ex
683 3029 733 3082 illo
753 3029 821 3081 oriri
834 3029 958 3097 potuisse
974 3044 1023 3081 co·

66 3101 215 3173 gitandum
230 3107 280 3155 est.
314 3100 454 3153 Posterius
474 3099 651 3153 Gasaubonus
671 3108 699 3152 et
720 3097 861 3150 Passovius
880 3099 919 3151 sic
934 3098 1023 3150 inter-

66 3179 227 3241 punxerunt
248 3173 357 3225 Hoc-
377 3173 508 3242 reliquum
526 3173 588 3224 acci
606 3173 633 3223 io
647 3191 698 3231 -,·
714 3185 772 3220 non
794 3166 877 3218 aliter
896 3167 1022 3234 orellius,

66 3242 176 3313 reliqua
188 3248 284 3291 tamen
298 3238 426 3292 servavit.
451 3238 504 3291 Sed
516 3238 573 3291 sive
583 3189 636 3299 lico
655 3240 801 3309 reliqum,
819 3236 877 3288 sive
893 3239 962 3290 hacc
975 3257 1022 3289 re-

67 3310 147 3381 liqu‘a
159 3306 377 3375 scribae-verba
388 3307 442 3359 iata
455 3307 609 3377 separanda
621 3322 679 3358 non
692 3321 759 3372 esse,
771 3304 953 3358 manifestum
966 3304 1023 3355 iam

67 3378 103 3430 fit
116 3393 148 3429 ex
160 3386 257 3446 aperto
271 3384 404 3446 corrupta
414 3375 536 3431 lectione
550 3379 614 3431 licet
625 3377 693 3428 illud
705 3388 734 3429 et
747 3389 777 3428 ut
788 3377 851 3428 volo
865 3376 937 3439 tolle,
951 3387 1022 3442 quae

67 3454 165 3499 tamen
177 3448 207 3499 in
219 3444 362 3517 plurimis,
378 3453 491 3515 praeter
502 3454 559 3498 tres
572 3442 649 3515 apud
661 3442 862 3511 Achaintrium,
877 3441 955 3495 libris
968 3456 1021 3495 scr.
