2454 4110
354 252 727 373 nu'uorarrouas.
768 282 779 309 ⁸
977 295 1016 360 51

61 453 122 490 esse
141 436 256 492 voluit.'’
274 437 464 490 Nero·autem
485 437 620 492 imberbis
645 449 706 492 erat
726 450 755 492 et
780 442 820 495 sic
839 442 869 494 in
891 441 1023 495 omnibus·

60 506 189 559 iconibus
206 507 376 559 ostenditur:
402 524 457 576 qua
473 506 507 560 de
529 525 613 561 causa
634 509 657 560 si
675 509 877 563 calamistratus
893 513 921 564 h.
941 513 971 575 l.,
988 522 1020 564 ut

60 576 210 627 Meisterus
223 575 292 639 vult,
312 583 339 626 et
352 575 382 627 in
402 578 495 648 aliqua
508 593 597 646 genae
609 586 689 646 parte
702 579 924 646 prominentibus
939 581 1019 633 cirris

62 643 204 713 obductus
222 643 411 716 intelligatur,
437 646 574 699 acerbitas
599 655 628 699 et
652 647 723 699 sales
742 648 894 700 verborum
918 649 1019 702 misere

60 721 192 783 pereunt.

105 817 108 823 -
132 783 178 834 Vs.
191 781 235 835 45.
253 780 492 855 Praesagit-Sie
504 780 632 854 plerique
645 783 773 852 codices,
792 782 936 836 Passoviua
948 804 1018 856 pro·
1113 772 1115 776 ⁵
1199 776 1204 787 ⁸

61 854 143 923 tegis.
159 849 263 902 Eadem
275 851 403 904 lectionis
417 850 561 907 diversitas
578 862 620 906 est
632 853 707 924 apud
725 856 851 924 Propert.
868 852 887 906 l.
903 853 929 908 3·
947 853 1017 922 eleg.

49 928 108 980 '12
127 934 167 969 VS·
187 927 230 978 12·

131 988 177 1039 Vs.
189 986 233 1052 46,
241 986 283 1041 47.
296 992 445 1061 Egregium
456 1011 540 1062 quum
550 1013 592 1046 me
604 995 709 1046 vicinia
722 995 807 1058 dieat,
815 992 878 1046 Non
888 991 1019 1045 credam?

58 1054 142 1119 Haeo
158 1071 224 1108 eum
235 1056 364 1109 Meistero
382 1059 412 1109 in
425 1061 567 1113 Neronem
588 1061 726 1129 quadrare
738 1069 884 1128 putarem,
900 1059 955 1111 nisi
971 1072 1019 1109 ve-

59 1140 149 1191 rerer,
166 1140 203 1175 ne
216 1129 321 1179 vicinia
340 1125 376 1176 ad
393 1135 535 1194 senatum,
554 1129 709 1197 optimates,
730 1129 844 1192 amicos,
861 1134 968 1179 tutores
983 1125 1019 1176 si-

60 1192 237 1265 gnificandos
253 1193 372 1245 nimium
384 1195 499 1265 vulgare
513 1197 630 1249 verbum
651 1205 729 1251 esset.
766 1201 861 1249 Horat.
879 1200 934 1246 Sat.
954 1198 974 1258 Ι,
993 1196 1018 1255 5,

62 1265 124 1318 106.
140 1262 226 1333 sunus
240 1266 360 1335 Egregie
368 1264 479 1334 factum
491 1268 714 1319 lautissimorum:
730 1266 779 1333 Ep.
797 1268 819 1332 l,
838 1264 880 1330 16,
901 1262 946 1319 44.
963 1267 1018 1316 Sed

59 1335 138 1385 υἱάσι
151 1334 223 1384 hune
242 1337 327 1385 omnis
342 1336 435 1386 domus
448 1348 476 1386 et
488 1338 594 1388 tritinia
607 1349 675 1387 tota.

105 1414 112 1429 ·
131 1401 176 1453 Vs.
190 1400 234 1454 47.
255 1404 282 1455 V
280 1404 319 1453 iso
339 1405 366 1453 si
380 1404 486 1473 palles,
506 1405 641 1475 improbe,
659 1422 766 1456 nummo
780 1427 812 1443 -
825 1401 843 1453 i.
861 1417 885 1454 e.
902 1415 934 1453 ex
945 1398 1019 1451 Mei-

32 1498 39 1505 ·
60 1467 130 1519 steri
142 1477 252 1520 mente:
270 1469 358 1533 “Visis
370 1472 501 1536 nummis,
518 1471 607 1542 iisque
620 1471 752 1536 Corinthi,
760 1470 834 1539 Argi,
843 1473 946 1522 Romae
958 1477 1020 1520 tam

60 1546 199 1600 recenter,
218 1544 333 1606 tamque
347 1539 542 1608 multiplieiter
560 1541 706 1609 percussis,
724 1550 756 1592 ut
768 1539 872 1608 ubique
889 1536 1021 1590 locorum

61 1605 119 1657 sint
132 1606 223 1670 obvii3
242 1607 305 1658 visis
319 1607 395 1659 hisce
409 1608 516 1677 numia,
533 1617 596 1663 trun
649 1608 770 1661 imatris
793 1607 911 1673 faciem,
929 1606 1020 1658 vultui

60 1682 113 1726 tuo
126 1674 229 1727 blande
242 1676 404 1740 obversam,
421 1686 482 1730 tum
498 1679 563 1748 qui,
582 1627 748 1748 Apidimdites
763 1677 813 1728 sub
833 1677 938 1747 ligura,
956 1690 1020 1726 cor·
1084 1672 1087 1677 '

60 1759 114 1812 pus
128 1744 185 1795 eius
200 1745 329 1797 referunt
342 1745 715 1814 nudissimum,incestuosei
731 1746 755 1798 si
768 1745 865 1814 palles,
875 1762 930 1797 una
943 1759 1020 1794 nuno

61 1811 208 1882 alteraque
237 1813 309 1864 hora
339 1815 426 1866 tacito
452 1817 560 1868 Pudore
587 1825 747 1885 correptus;
778 1814 808 1865 in
837 1813 892 1866 alia
924 1811 1020 1882 quasis

61 1895 97 1932 ex
116 1881 176 1949 ipsa
196 1881 360 1943 libidinum,
380 1883 439 1933 acri
452 1885 565 1936 stimulo
584 1894 612 1936 te
623 1882 820 1954 pungentium
839 1882 1020 1952 agitatione.”

60 1953 140 2002 Haec
160 1949 280 2000 nimium
309 1959 447 2016 quantum
468 1951 616 2002 subtiliter.
651 1958 723 2002 Sana
744 1966 802 2000 non
828 1951 1021 2016 improbarem

59 2016 137 2067 hanc
153 2015 382 2082 explicationem,
399 2017 422 2065 si
438 2016 495 2068 tale
508 2016 575 2085 quid
588 2016 715 2067 additum
732 2024 812 2078 esset,
835 2032 891 2083 quo
911 2014 1021 2066 nummi

59 2084 106 2136 illi
118 2082 233 2162 propius
246 2082 453 2151 insignirentur,
471 2100 497 2135 r.
518 2101 542 2138 c.
566 2088 657 2155 turpi,
674 2083 720 2134 vel
739 2084 885 2136 libidinoso
904 2103 1020 2136 nummo.

60 2150 139 2204 Talis
151 2150 315 2217 admonitio,
324 2150 431 2202 etiamsi
440 2168 569 2204 nummos
579 2169 643 2204 cum
651 2150 818 2223 Agrippinae
825 2151 947 2222 imagine
955 2167 1022 2202 om-

61 2235 114 2272 nes
135 2229 200 2271 ante
223 2219 319 2272 oculos
342 2219 517 2288 habuissent,
534 2237 712 2292 naquaquam
732 2236 940 2289 supervacanea
961 2228 1022 2271 erat

61 2289 235 2359 aequalibus,
254 2288 302 2357 qui
315 2284 428 2358 linguae
442 2307 524 2342 usum
542 2290 692 2357 novissent,
711 2289 815 2360 quique
830 2308 862 2342 ex
884 2306 916 2342 eo
931 2288 1022 2341 nemi·

62 2375 145 2425 nem,
164 2357 216 2408 nisi
234 2374 350 2409 avarum
369 2357 398 2409 in
422 2358 465 2411 his
478 2360 570 2412 verbis
590 2359 761 2428 descriptum
776 2359 933 2430 intelligere
953 2373 1022 2427 pos-

26 2474 30 2483 .
63 2436 133 2481 sent.
153 2427 193 2480 Cf.
211 2431 256 2493 111,
276 2428 335 2480 109.
353 2430 416 2479 visa
428 2443 470 2481 est
480 2433 506 2481 si
513 2429 593 2501 forte
604 2433 731 2502 pecunia,
750 2449 796 2483 eor
808 2433 860 2484 tibi
877 2434 930 2482 rite
943 2430 1020 2481 salit.

62 2499 226 2549 Persuasum
256 2511 368 2563 quoque
391 2496 463 2548 mihi
492 2505 548 2562 est,
574 2497 604 2549 ‘si
632 2496 769 2549 eiusmodi
799 2497 1022 2549 additamentum

62 2582 122 2618 non
141 2564 262 2628 deesset,
284 2563 415 2614 Meistero
433 2564 641 2632 periucundum
659 2566 759 2630 fuisse,
779 2582 949 2636 quamquam
962 2564 1021 2632 ipse

63 2633 131 2688 satis
146 2633 301 2701 prudenter
312 2630 397 2683 dicit:
416 2632 510 2695 “Quin
525 2633 664 2686 offecisset
678 2643 803 2702 satyrae,
820 2634 947 2685 minuens
963 2632 1022 2683 eius

63 2702 265 2766 subtilitatem,
283 2699 436 2753 admonitio
443 2701 529 2770 baec,
544 2703 704 2772 aequalibus
720 2702 804 2771 plane
816 2701 986 2770 superflua.”

101 2812 106 2821 ,
133 2773 179 2823 Vs.
190 2771 233 2824 49.
252 2774 284 2822 Si
319 2771 440 2822 uteal—
454 2772 541 2822 Recte
561 2772 664 2824 Censor
675 2771 869 2822 Donnerianae
885 2767 1020 2821 versionis

63 2840 186 2892 lenensis
197 2790 411 2906 animadvertit,
430 2839 580 2892 obscenam
593 2839 714 2893 Meisteri
728 2839 756 2892 h.
767 2839 787 2892 l.
802 2837 1022 2907 explicationem

62 2906 172 2961 idcirco
186 2908 302 2976 probari
313 2924 370 2958 non
384 2924 464 2987 possa
472 2943 486 2988 ³.
499 2908 574 2978 quod
594 2908 685 2979 glossa
700 2907 775 2976 apud
795 2906 973 2971 Brissonium,
990 2905 1022 2956 in
1098 2922 1101 2927 ·
1156 2914 1160 2921 “

65 2994 121 3048 qua
136 2991 246 3029 summa
256 2975 500 3028 demonstrationis
516 2977 636 3045 nitatur,
654 2977 836 3031 vehementer
855 2974 972 3026 distorta
985 2973 1021 3024 ab

65 3063 100 3099 eo
112 3047 157 3111 sit,
173 3054 201 3097 et
217 3045 303 3096 alium
317 3044 409 3113 plane,
424 3054 507 3115 atque
520 3046 578 3115 ipse
591 3047 668 3111 velit,
686 3063 797 3098 sensum
811 3043 921 3112 prodat,
932 3041 1023 3112 quod-

107 3114 284 3183 erepetitum
297 3119 321 3166 si
335 3114 474 3181 postulet,
492 3124 524 3165 ut
541 3115 618 3167 aliud
629 3117 730 3167 vitium
750 3131 767 3166 a
781 3113 897 3165 libidine
909 3120 1022 3164 antece-

65 3132 143 3236 dgna
160 3200 241 3236 versu
262 3182 401 3250 descripta
415 3183 556 3237 diversum
575 3184 630 3236 hoc
650 3201 732 3236 versu
750 3183 900 3235 indicetur.
933 3179 1022 3250 Ipsius

64 3262 162 3307 tamen
176 3251 370 3318 interpretatio
382 3251 497 3318 perinde
510 3252 694 3323 improbanda
706 3251 776 3303 mihi
788 3251 914 3319 videtur,
934 3263 1023 3319 quum

66 3322 151 3388 dicit,
189 3319 267 3372 uteal
286 3318 321 3371 de
337 3321 475 3386 praetoris
488 3322 636 3387 tribunali,
649 3322 679 3372 in
698 3321 812 3389 quoius
830 3322 952 3383 dicatur,
970 3333 1021 3368 ao-

66 3390 159 3461 cipien
180 3407 229 3443 um
248 3404 324 3455 esse,
342 3386 542 3461 hominemque
563 3390 793 3461 intelligendum,
816 3407 833 3442 a
848 3406 904 3460 quo
917 3383 1021 3438 iustitia
