2454 4110
352 290 721 369 nuuortrrouss
969 288 1013 359 57

55 438 145 506 ttoni,
171 436 260 508 quod,
276 434 330 490 'uti
348 446 446 507 monet¹
465 437 588 490 Donneri
609 437 742 491 versionis
760 455 859 492 censor
879 438 1011 507 ienensis,

55 524 167 563 merces
184 508 315 576 deinceps
338 514 611 573 commemorantur,
630 524 701 578 quae
721 523 754 559 ex
775 511 864 561 Ponto
885 527 942 561 non
963 508 1013 561 ad-

10 632 23 649 „
56 578 239 633 vehebantur.
276 579 383 645 Nempe
409 584 566 629 castoreum
584 575 648 628 inde
667 578 786 630 Romam
803 578 1012 646 apportabatur,

55 654 130 699 teste
142 645 262 717 Virgilio
281 646 383 716 Georg.
402 647 422 709 1,
441 646 484 699 59.
510 648 679 717 “virosaque
694 652 799 700 Pontus
813 661 937 700 castorea
950 651 1013 700 mit-

54 720 104 782 tit,
123 715 291 769 etScribon.
312 716 370 768 175.
389 729 538 768 castoreum
553 721 704 768 Ponticum.
739 718 772 766 Et
796 714 894 784 quidni
918 715 1012 770 ader.

56 787 161 838 oduehe
172 789 260 837 Ponto
275 784 347 835 hanc
362 782 450 834 solam
462 784 536 835 inter
547 784 669 852 reliquas
682 783 784 836 referri
798 783 1013 836 licenti-En!

55 856 125 926 quid
140 856 243 923 agam?
260 851 295 902 ab
310 851 389 903 initio
401 850 470 903 item
485 852 565 906 codd.
584 852 722 922 plerisque
734 854 882 917 munitum,
900 852 964 922 quia
978 867 1012 902 eo

55 920 178 974 vividior
196 920 300 1000 dialogi
317 920 410 991 forma
434 920 474 987 fit,
492 939 549 974 non
568 923 688 988 mutavi,
707 939 876 992 quampiam
897 923 1014 992 Ecquid

56 993 160 1063 agam?
177 1006 235 1042 non
248 1006 340 1041 mmus
352 990 453 1058 placet.
472 997 515 1044 Eu
534 992 553 1045 i.
576 1007 600 1048 e.
621 991 657 1044 da
669 991 719 1043 bin
732 990 788 1061 ich,
809 1001 841 1044 ut
856 988 922 1048 idai
938 1006 1014 1041 non·

56 1076 117 1111 nun
159 1075 205 1109 arn
224 1076 268 1128 ap.
288 1058 508 1127 Aristophanem.
698 1076 701 1081 ·

88 1188 92 1193 ⁵
151 1144 172 1180 s.
191 1127 251 1182 137.
270 1130 387 1180 Edeu-
396 1126 514 1178 Orellius
529 1124 604 1179 dedit
620 1130 701 1181 Heu!
719 1129 789 1180 lieu!
808 1144 841 1180 ex
850 1127 950 1181 multis
965 1141 1014 1178 co-

57 1192 177 1261 dicibus,
198 1195 246 1248 elii
261 1199 345 1258 Eheu,
362 1194 437 1264 quod
452 1195 553 1264 recepi.
588 1195 663 1246 Nihil
678 1195 784 1265 regula,
801 1198 835 1249 ab
850 1198 900 1249 illo
917 1195 1013 1261 allata,

56 1265 301 1332 valet‚·}1et,lzea
323 1264 502 1316 scribendum
524 1280 599 1328 esse,
623 1264 672 1315 ubi
687 1264 824 1333 spondeus
843 1265 1013 1336 requiratur,

14 1376 19 1383 .
56 1338 139 1394 eheu,
156 1333 205 1386 ubi
225 1332 342 1385 iambus.
375 1332 437 1386 vid.
457 1332 665 1388 Drakenborch.
688 1332 724 1385 ud
744 1333 792 1385 Sil.
810 1334 872 1386 Ital.
896 1334 946 1387 lib.
963 1336 1013 1400 XI,

33 1424 39 1431 ·
55 1406 118 1459 212.
140 1411 167 1453 et
181 1419 249 1471 qnos
264 1402 304 1454 ibi
319 1400 424 1454 laudat.
817 1403 824 1413 '

126 1472 173 1525 Vs.
195 1472 253 1526 138.
283 1478 356 1524 Baro
369 1470 551 1522 -Pithoeus
573 1471 601 1522 in
625 1468 738 1522 Gruteri
758 1469 891 1542 lampade
913 1470 1014 1525 critica

55 1538 113 1594 vol.
130 1543 162 1593 ΙΙ.
188 1557 216 1619 p.
234 1541 294 1594 759..
331 1540 488 1608 “impressi
509 1540 593 1610 vulgo
613 1539 717 1593 habent
735 1544 763 1594 V
760 1562 816 1603 are,
832 1538 1024 1613 regustatum(

56 1607 107 1661 sed
124 1617 227 1659 rectius
243 1608 326 1660 multi
345 1609 412 1660 libri
430 1619 553 1661 reteress
573 1616 645 1663 Baro
659 1624 838 1680 regustatum.
872 1610 935 1662 Scio
952 1608 1014 1662 vari

56 1677 155 1729 vitium
168 1677 202 1730 ad
215 1678 339 1729 oninium
354 1695 464 1749 quoque
477 1677 631 1743 transferri,
639 1680 683 1731 cui
697 1694 754 1728 non
764 1676 887 1731 dissimili
896 1679 1014 1747 loquen-

57 1744 88 1797 di
105 1745 205 1797 forma·
219 1755 297 1799 recto
318 1747 376 1799 talo
391 1749 484 1799 rivere
503 1748 580 1799 idem
595 1748 675 1799 dixit:
693 1746 741 1798 sed
761 1747 884 1817 quisquis
899 1746 1013 1800 Buronis

55 1828 161 1866 nornen
176 1815 201 1866 ei
216 1815 280 1867 loco
295 1816 383 1886 magis
398 1832 554 1887 congruere
570 1834 626 1866 non
645 1815 729 1880 videt,
748 1815 770 1865 is
783 1817 851 1883 ipse,
869 1834 932 1868 meo
952 1815 1015 1896 qui-

57 1882 124 1935 dem
137 1883 250 1947 iudicio,
268 1887 337 1936 Baro
352 1893 401 1936 est.
432 1889 463 1935 In
478 1884 666 1951 manuscripto
680 1893 775 1934 autem
788 1885 861 1935 libro
876 1885 1014 1952 adscripta

57 1959 100 2003 est
120 1951 222 2003 veteris
239 1953 423 2002 Grammatici
437 1952 529 2066 glossa
549 1952 633 2000 haec:
653 1955 722 2000 Baro
743 1951 789 2000 vel
805 1958 896 2016 Varo,
913 1952 943 2003 id
963 1960 1013 2018 est,

10 2072 12 2079 ,
55 2019 149 2085 fatue,
168 2018 267 2082 stulte,
285 2018 382 2085 lingua
398 2021 439 2067 Ga
452 2018 545 2067 lorum
559 2016 691 2066 dicuntur
701 2019 830 2082 Berones,
849 2019 921 2068 servi
934 2019 1014 2070 mili-

10 2084 23 2113 ³·
55 2097 130 2145 turn,
147 2085 195 2153 qui
211 2085 307 2152 utique
320 2084 472 2136 stultissimi
483 2087 575 2136 sunt.’'
607 2086 639 2133 In
654 2082 787 2152 proximis
803 2093 882 2137 recte
896 2086 1014 2140 Orellius
1033 2115 1038 2120 ·

10 2160 24 2199 3⁰
55 2161 159 2208 contra
176 2153 366 2205 Foroellinum
388 2161 501 2217 monet,
525 2151 693 2204 infinitivum
713 2154 848 2208 terebrare
868 2172 926 2206 non
948 2172 1015 2209 cum

17 2214 20 2223 ¹
52 2242 180 2299 perages,
191 2221 239 2275 sed
251 2239 316 2274 cum
329 2237 478 2290 contentus,
487 2221 565 2275 cuius
577 2220 791 2274 constructionis
801 2224 928 2292 exempla
939 2223 1014 2305 apud

20 2298 39 2313 '³
54 2291 228 2345 recentiores
240 2291 316 2343 haud
332 2307 397 2343 rara
417 2292 489 2360 sint,
513 2290 740 2362 coniungendam
763 2308 832 2345 esse.
865 2293 944 2347 Idem
956 2311 1015 2349 ram

56 2360 231 2417 Murmellius
255 2360 284 2412 in
309 2360 449 2430 eophrasi:
467 2366 493 2416 si
508 2365 552 2415 uis
568 2364 659 2415 vivere
675 2383 709 2415 ex
725 2364 835 2416 deorum
848 2368 1014 2436 praeceptis,

54 2450 171 2504 perages
182 2434 269 2484 vz'tam
287 2435 317 2484 in
336 2451 438 2502 magna
454 2452 543 2485 rerum
560 2444 698 2502 egestate,
716 2447 859 2487 contentus
876 2436 1015 2490 terebrare

56 2502 147 2571 digito
176 2501 277 2552 alinum
289 2503 597 2572 iterumque'gustatum.

125 2520 306 2630 vilitatem
315 2573 553 2649 pueris-aptas:
573 2570 653 2620 Ocius
666 2569 703 2620 ad
715 2570 823 2621 navim:
836 2567 1013 2624 hchuintn'us

57 2650 92 2687 ex
105 2635 160 2688 snis
171 2635 249 2688 libris
266 2636 376 2704 scriptis
392 2642 453 2689 Iam
463 2641 579 2709 pueris,
597 2643 630 2687 ut
644 2635 686 2701 sit,
704 2634 761 2687 iarn
773 2652 866 2688 sertus
880 2638 1014 2691 avaritiae

56 2703 181 2771 decedis,
195 2708 294 2776 pellem
307 2710 461 2759 succinctus
478 2706 618 2773 accinctus
633 2704 668 2755 ad
685 2703 740 2755 iter
751 2705 966 2774 suscipiendum,
985 2716 1015 2760 et

57 2773 241 2847 aptas.-Sed
253 2774 305 2825 ista
314 2774 441 2825 lectionis
456 2774 597 2824 diversitas
606 2772 662 2825 eius
671 2788 752 2823 aures
761 2773 912 2842 oculosque
924 2773 1013 2829 lenius

58 2842 235 2911 praetervehi
252 2851 371 2910 poterat.
395 2843 457 2898 Vid.
475 2843 546 2895 Pith.
570 2842 600 2894 in
622 2840 734 2898 Gruteri
754 2841 877 2910 lampad.
900 2844 962 2898 Vol.
979 2848 1012 2899 Il.
1033 2842 1051 2873 “·

56 2926 85 2979 Ρ.
103 2910 164 2966 753.
201 2913 278 2974 Quae
302 2911 422 2969 Passovii
445 2910 590 2963 et.0rellii
615 2909 755 2977 scriptura
771 2920 800 2962 et
822 2910 1012 2980 interpunctio

11 2988 17 3009 ¹
57 2986 110 3044 est,
128 2979 247 3031 eandem
259 2981 287 3031 in
301 2981 423 3032 editione
440 2979 536 3033 Feder.
554 2979 648 3033 Ceruti
663 2982 766 3033 Veron.
785 2981 861 3035 1597.
879 2998 944 3032 cum
958 2980 1013 3035 hac

55 3047 222 3116 paraphrasi
234 3049 402 3102 invenimus:
420 3055 481 3103 lam
495 3065 522 3103 te
538 3054 659 3122 accingis
675 3052 712 3102 ad
724 3052 910 3119 nauigandum
924 3065 952 3104 et
966 3071 1013 3105 ac-

57 3121 276 3170 commodasset<
288 3150 302 3171 e
320 3139 347 3171 rs
361 3124 460 3190 pueris,
478 3122 599 3174 vidulum
617 3133 757 3184 scorteum,
777 3133 804 3170 et
820 3122 1012 3192 oenophorum:

57 3186 183 3241 celeriter
195 3189 233 3239 ad
247 3206 343 3240 nouem
357 3203 384 3241 te
394 3189 510 3259 confers.

126 3256 173 3307 Vs.
192 3257 243 3309 150
272 3276 323 3326 per
344 3272 393 3309 ont
411 3261 508 3311 auidos
528 3259 629 3310 sudare
652 3256 786 3308 dearces?
806 3255 879 3320 Quin
898 3256 953 3310 hoc
966 3273 1013 3309 re-

58 3330 139 3375 ctum
151 3322 197 3387 sit,
215 3338 271 3374 non
286 3277 401 3376 duiium
411 3332 462 3378 est.
496 3325 550 3377 Alii
562 3338 697 3397 peragant
708 3326 803 3376 auidos
814 3330 913 3380 sudore
930 3330 1012 3379 deun·

57 3412 112 3460 ces,
131 3392 207 3462 quod
219 3392 353 3447 facilioris
366 3393 423 3448 loci
439 3395 639 3466 intelligentiae
652 3407 735 3445 causa
748 3402 876 3448 exortum
891 3394 1010 3450 ridetur.
