2414 4140
241 192 285 255 oo
520 150 906 248 'ennorsrronas

241 353 300 389 non
310 332 383 387 inest
397 334 520 389 testiculi
533 353 605 390 vena
624 335 683 389 ulle
695 337 821 405 potami,
838 344 872 389 ut
892 330 969 405 aiil,
990 335 1056 392 tos.
1076 334 1118 391 af.
1136 337 1185 391 Get·

240 422 301 459 ner.
320 406 350 455 in
363 404 445 460 lexic.
464 422 485 459 s.
503 406 538 459 v·‘
548 426 651 479 expers.
687 406 800 459 Etiamsi
816 404 954 525 qenitivus
969 412 1059 461 mu'ris
1072 425 1091 460 a
1104 406 1186 462 ntasir

240 474 295 526 hac
308 474 509 542 compositione
523 476 615 544 primo
631 475 764 543 adspectu
775 492 824 527 mo
837 482 910 526 estus
924 473 1068 540 videatur,
1086 492 1186 545 proper·

240 543 383 612 sicresque
395 543 479 596 simus
492 545 648 615 genitivum
662 561 762 598 amare
773 553 904 609 statuere,
912 550 1010 595 tamen
1024 544 1081 597 illa
1094 555 1186 597 senter-

239 612 289 678 tia,
305 612 443 664 luxuriam
461 621 491 664 et
503 613 651 666 mollitiem
666 631 683 666 a
700 613 814 666 Graecis
825 612 964 664 invectam
980 628 1042 664 esse
1056 614 1088 665 in
1106 614 1185 666 ruben

240 697 330 750 eaque
349 682 502 734 masculam
522 691 649 735 veterum
667 686 858 735 Romanorum
880 679 1018 735 virtutem
1040 683 1185 747 exolevisse,

238 749 405 820 pervulgate
419 759 487 814 erat,
506 760 536 802 ut
549 768 633 802 nemo
648 760 749 818 poetae
768 751 855 802 verba
867 748 949 801 aliter
962 748 1130 822 intelligere
1141 768 1186 822 pot·

239 828 289 875 set.
323 818 451 885 Inprimis
464 819 519 871 huc
533 820 654 887 pertinet
667 819 789 872 luvenal.
809 823 864 870 Sat.
883 821 933 884 Xl,
950 819 1082 875 73—81.
1101 822 1148 873 ubi
1159 819 1187 871 ri·

239 888 304 940 litas
314 887 442 939 ciborum
451 887 536 939 etiam
549 888 722 956 temporibus
728 895 973 940 mutatauotatur:
988 893 1186 962 Curius-lpse

233 959 310 1029 socie
329 960 452 1011 breuibus
462 958 582 1029 ponebat
601 960 738 1024 oluscula,
757 979 825 1029 quae
840 977 911 1010 nunc
926 959 1083 1028 Squalidus
1103 962 1132 1015 in
1143 976 1185 1013 nt·

238 1046 299 1097 gna
321 1025 439 1091 fastidit
461 1029 586 1099 compede
603 1028 713 1098 fossor,
750 1031 803 1095 Qui
821 1029 957 1088 meminit,
982 1027 1096 1081 calidae
1112 1030 1186 1099 sapiat

239 1098 307 1167 quid
320 1098 402 1148 vulva
415 1099 542 1167 popinae.
568 1094 646 1148 Idem
662 1095 759 1163 paullo
770 1094 886 1147 inferius
901 1093 969 1145 dicit
984 1110 1026 1145 vs.
1046 1098 1108 1150 100.
1129 1101 1186 1150 Tm

238 1168 317 1217 rudis
338 1179 365 1216 et
385 1170 487 1218 Graiae
504 1170 600 1219 mirari
621 1170 726 1219 nescius
753 1179 836 1217 artes.
871 1161 912 1214 Cf.
937 1162 1059 1231 insuper
1078 1168 1134 1216 Sat
1153 1164 1184 1227 ll,

237 1232 399 1287 asa-300.
418 1238 472 1288 Sat.
488 1236 672 1303 xiv‚187sq.
691 1238 746 1285 Sat.
764 1236 810 1298 ΙΙΙ,
824 1230 951 1287 67-83.
968 1233 1117 1286 lllasculae
1128 1232 1186 1303 proli

237 1300 313 1369 apud
327 1305 423 1353 llorat.
440 1303 489 1354 lib.
507 1306 552 1368 ΙΙΙ,
571 1304 597 1367 6,
615 1304 690 1356 37-
702 1302 745 1355 48.
762 1300 913 1369 opponitur
927 1316 1046 1377 quoque
1060 1312 1185 1355 aetasne·

238 1370 321 1437 quior
333 1379 361 1421 et
372 1370 520 1439 progenies
533 1370 666 1425 vitiosior.
703 1369 800 1421 Orellii
817 1369 983 1437 explicatio,
1005 1370 1057 1439 qui
1073 1370 1184 1424 lilarcilio

237 1439 401 1502 assentitur,
419 1447 448 1488 et
461 1438 593 1504 Meisteri,
610 1440 659 1510 qui
673 1460 767 1513 sapere
779 1443 862 1493 maris
880 1458 975 1509 expers
993 1437 1185 1511 interpretetur

236 1506 402 1574 sapientium
416 1507 609 1573 cismarinam,
628 1526 700 1578 quae
718 1525 793 1560 nunc
810 1516 905 1559 nostra
917 1505 997 1557 iacta
1012 1517 1068 1573 est,
1088 1509 1183 1581 egregie

236 1576 380 1629 refutatur
391 1593 407 1628 a
420 1578 538 1630 Censore
552 1576 711 1629 doctissimo
723 1577 831 1628 lenensi
847 1578 914 1630 ttae
927 1583 956 1626 et
971 1577 1044 1631 1823
1059 1596 1089 1633 n.
1098 1582 1132 1635 76
1137 1596 1165 1649 sq
1178 1616 1183 1632 .

236 1649 343 1713 Apn-
355 1650 383 1700 V
380 1661 482 1699 ostrum
491 1663 533 1715 pr.
551 1661 715 1699 nostramet
731 1646 893 1696 coniectura
908 1643 987 1696 dedit
1003 1648 1147 1701 Bentleius
1157 1594 1182 1701 ei

236 1718 333 1767 Horat.
353 1732 396 1783 ep·
415 1719 435 1780 Ι,
456 1717 498 1781 15,
515 1715 558 1769 37.
577 1714 653 1783 quod
667 1714 773 1766 lteizius
785 1713 933 1765 intextum
946 1716 1068 1785 recepit,
1088 1716 1183 1772 sedne·

236 1799 322 1837 strum
337 1791 378 1835 est
392 1792 504 1837 nostrae
521 1784 619 1836 aetatis
634 1783 751 1836 indoles.

306 1856 351 1905 Vs.
370 1856 413 1909 51.
431 1858 495 1910 Iton
517 1858 595 1919 (ideo,
616 1858 706 1927 inquis
719 1878 753 1892 -·
767 1854 843 1904 Haec
865 1858 905 1901 est
927 1851 1045 1921 egregia
1063 1852 1182 1906 Hadnui

235 1924 360 1975 Turnebi
383 1924 557 1989 emendatio,
576 1942 660 1993 qnam
684 1921 801 1974 Orellius
819 1919 1010 1988 “neutiquam
1032 1918 1181 1991 probibeo'’'

234 1990 446 2062 interpretatur,
455 1994 500 2044 cui
514 2004 609 2045 tamen
622 1997 725 2045 Censor
739 1992 795 2043 eius
807 1989 925 2042 lenensis
937 2001 1092 2060 repugnat,
1103 1993 1182 2046 dicent

235 2081 289 2113 non
301 2066 368 2114 adeo
381 2062 539 2130 significare
551 2071 660 2114 tantum
673 2066 789 2114 nicttso
804 2064 873 2113 sehr.
910 2058 1067 2128 Utriusque
1086 2070 1182 2114 senten

234 2130 306 2179 tiam
318 2128 435 2179 minime
448 2128 628 2183 laudaverim.
664 2133 727 2183 It'on
742 2133 810 2181 odeo
821 2126 987 2180 vertendum
1008 2137 1054 2180 est
1073 2134 1126 2184 dns
1139 2148 1181 2183 nun

234 2199 302 2249 eben
313 2200 415 2249 nichts.
424 2212 468 2246 res
480 2198 554 2247 inter
564 2212 614 2247 nos
626 2213 723 2247 noneo
731 2197 814 2262 redit,
822 2206 853 2247 ut
866 2206 894 2248 te
907 2196 1088 2264 prohibeam,
1136 2215 1183 2250 am·

235 2280 320 2332 quem
338 2279 394 2314 non
414 2264 546 2329 probem,
564 2271 626 2314 tuas
647 2279 665 2314 a
680 2271 709 2314 te
728 2264 914 2331 possessiones
932 2265 1035 2317 misere
1048 2285 1102 2337 pro
1119 2266 1182 2320 uadi.

233 2336 310 2385 Haec
324 2340 390 2400 apta
402 2332 526 2383 moribus
540 2332 630 2383 avari:
650 2331 700 2383 etsi
714 2348 730 2383 a
743 2332 835 2384 Persio
851 2333 981 2386 incitatus
995 2344 1048 2402 est,
1067 2347 1107 2404 ut,
1126 2332 1182 2407 quid

235 2402 270 2454 de
292 2418 325 2452 ea
340 2418 371 2453 re
386 2400 496 2464 sentiat,
514 2400 589 2453 clere
608 2401 651 2453 elo
673 2410 764 2466 natur,
783 2411 880 2453 tamen
901 2403 931 2454 id
949 2403 1044 2469 evitat,
1064 2415 1094 2458 et
1107 2402 1181 2463 ne.si

235 2470 303 2540 quid
315 2470 466 2522 duriusculi
482 2471 565 2534 dicat,
582 2419 767 2524 hereditatem
781 2471 900 2534 amittat,
916 2471 1015 2524 timide
1027 2475 1181 2543 respondet,

233 2540 274 2593 ita
285 2550 389 2603 tamen,
397 2550 428 2591 ut
439 2540 575 2592 sententia
589 2540 637 2592 illa
649 2541 802 2611 supplenda
815 2559 830 2594 e
842 2540 934 2593 verbis
945 2541 1031 2593 facile
1048 2543 1114 2596 elici
1128 2560 1182 2613 pos·

233 2610 277 2663 sit.
312 2612 418 2662 Persius
430 2619 536 2676 contra,
552 2610 599 2678 qui
612 2610 668 2662 eins
681 2612 812 2680 ambages
828 2619 856 2662 et
871 2609 1037 2662 diverticula
1058 2612 1182 2665 orationis

233 2680 443 2742 errimadvertit,
463 2679 533 2732 dicit
553 2679 641 2749 inagis
661 2684 834 2732 cruciaturus
854 2696 984 2742 avarum,
1011 2679 1060 2732 fac
1077 2683 1132 2735 sihi
1148 2680 1181 2733 hit

232 2749 364 2818 impensis
376 2748 446 2800 nihil
454 2764 605 2817 superesse,
618 2748 672 2801 nisi
683 2750 856 2819 praediolum
875 2748 1080 2816 suburbanum,
1095 2760 1182 2803 temen

233 2817 368 2871 heredem
381 2817 532 2869 affuturum
552 2833 617 2868 esse.
652 2823 729 2873 Adeo
742 2818 868 2871 similiter
886 2818 1026 2869 invenitur
1046 2820 1123 2887 apud
1137 2822 1181 2871 Te·

232 2890 358 2939 rentium
372 2886 457 2943 Andr.
467 2890 500 2941 2.
520 2888 545 2949 6,
563 2887 588 2939 7.
605 2886 641 2938 Si.
676 2892 750 2943 Nmn
771 2891 814 2941 illi
833 2889 960 2940 molestae
975 2890 1122 2960 quippiam
1138 2892 1183 2942 irat

232 2972 296 3008 sunt
317 2959 450 3027 nuptiae?
468 2984 501 2997 -
519 2956 584 3005 Dav.
611 2959 693 3011 Nihil
707 2959 811 3009 hercle:
828 2971 891 3019 aut,
909 2960 935 3010 si
946 2959 1013 3008 adeo
1020 2976 1030 3017 ,·
1058 2959 1137 3011 bidui
1148 2970 1182 3011 est

233 3039 283 3076 aut
300 3030 387 3076 tridui
403 3029 481 3078 Ilaec
505 3024 669 3077 sollicitudo.
699 3025 762 3077 Vid.
788 3026 902 3080 Gesner.
925 3024 1007 3077 lexic.
1032 3024 1182 3079 Achaintrii

233 3092 390 3160 explicatio,
411 3110 508 3164 exque
525 3096 601 3157 (tileo,
620 3110 689 3145 voce
707 3096 885 3147 hereditatem
906 3093 1049 3161 suppleta,
1069 3096 1182 3147 verbum

232 3161 276 3226 sit,
294 3177 351 3212 non
365 3162 454 3232 magis
475 3162 683 3231 approbabitur.
703 3180 787 3230 qiiam
802 3161 928 3213 omnium
942 3161 1026 3214 Codd.
1045 3166 1201 3233 scriptura·

232 3252 286 3285 non
302 3232 396 3284 audeo.
432 3234 518 3283 Recte
538 3248 601 3283 eam
615 3231 793 3282 Casaubonus
809 3248 841 3282 ex
856 3230 1031 3282 antecedenti
1054 3239 1124 3300 Quis
1137 3254 1180 3286 ve-

232 3304 296 3356 tat?
316 3302 403 3355 aude!
417 3308 543 3354 exortam
555 3307 661 3354 monet.
680 3299 761 3363 Quod
776 3299 841 3356 edit.
861 3300 958 3352 Orellii
971 3301 1077 3355 Censor
1088 3306 1197 3367 leuen!
