2454 4110
108 288 170 343 vm
418 278 768 341 rudusculo.

105 446 186 501 nun,
206 424 263 487 sed
276 422 460 485 coniunctim
472 422 609 484 nondum
622 420 789 500 vulgatam,
812 422 975 499 praeterea
994 416 1072 481 insi·
1112 429 1114 438 ·

107 512 212 590 guium
228 510 395 571 editionum
409 508 587 571 varietatem
601 507 764 584 diIIgenter
771 506 913 566 enotavit.
942 502 1072 568 Scilicet

108 596 275 658 editione·
289 594 578 673 Norimbergensem
594 598 634 656 ,et
656 590 756 651 licinii
777 590 968 671 praeclarum
992 582 1073 652 milri

27 715 30 722 -
106 698 216 762 perure
231 698 293 740 non
308 680 408 759 potuit
421 684 525 739 nostra
536 676 684 739 litteraria
697 675 841 749 taberna,
862 672 975 754 quippe
989 691 1072 752 quoe

106 764 297 826 venditandis
311 763 475 825 maioribus
490 762 576 823 libris
591 762 677 822 malit
692 760 844 838 gaudere,
866 778 957 837 quam
971 759 1071 821 mino-

106 849 191 910 ribus
198 850 388 908 erubescere.
416 846 479 907 Sed
489 846 670 923 quiddieom
682 845 722 904 de
729 844 900 906 Aehcintrii
909 842 1072 906 eddonet

107 934 177 1011 Quo
194 931 286 991 modo
301 950 373 991 usus
389 928 622 1005 estinlurenali
636 928 767 1003 edendo,
789 928 921 989 eundem
935 932 1071 992 transtu·-

105 1016 144 1078 lit
157 1016 345 1077 inPersium.
387 1014 492 1076 Etiam
504 1013 556 1074 hio
572 1019 691 1074 constat
706 1031 776 1074 eum
790 1010 1000 1093 superstitIoae
1017 1030 1071 1074 su-

106 1120 197 1164 ornm
216 1100 363 1161 librorum
383 1098 595 1161 auctoritatem
609 1099 740 1173 ulmeri,
769 1097 900 1159 maxime
915 1095 1072 1159 casaubo-

106 1204 181 1248 num
199 1190 231 1247 et
246 1186 392 1265 quosdam
408 1184 484 1246 elios
502 1184 690 1259 consectari,
712 1188 744 1245 et
754 1202 850 1263 penca
864 1186 984 1244 tentum
995 1198 1072 1263 pro·

106 1270 202 1345 ferre,
217 1271 250 1331 in
264 1271 371 1348 quibus
387 1290 473 1332 nsuo
487 1268 864 1349 ipsiuaiudiciopendeat,
889 1266 968 1329 Nam
978 1283 1070 1345 quum

106 1371 215 1435 perum
229 1354 288 1413 sibi
303 1359 423 1414 constet
441 1355 601 1427 sententia,
623 1354 819 1415 manifestum
831 1353 869 1412 fit
882 1350 1070 1413 exeditione

106 1438 164 1502 Aa.
187 1441 289 1509 1822,
310 1438 343 1497 iu
360 1455 421 1513 qua
442 1437 496 1496 ilia
518 1437 636 1510 omnia,
666 1455 744 1514 quae
765 1437 946 1516 probaverat
967 1440 1068 1511 antea,-

107 1538 212 1585 rursus
227 1520 335 1582 relicta
347 1521 442 1581 vides.
484 1518 648 1581 Praeterea
666 1539 745 1598 quae
766 1521 886 1599 grovior
903 1519 975 1581 libri
996 1532 1070 1600 pom
1112 1567 1114 1581 .

108 1610 166 1680 est,
185 1605 334 1667 lectiones
350 1603 523 1666 eParisinis
537 1604 626 1664 codd.
636 1604 793 1678 collectae,
807 1605 841 1664 In
853 1604 892 1664 iis
902 1622 1070 1685 excerpen-

107 1688 156 1752 dis
170 1696 315 1768 quantum
328 1687 403 1749 fidei
419 1690 449 1749 ei
462 1687 637 1748 habendum
650 1688 708 1761 ait,
728 1706 791 1754 non
803 1688 909 1765 liquet,
929 1689 989 1749 etei
1005 1704 1071 1749 non
1112 1691 1114 1760 J

106 1774 233 1837 dubium
256 1774 313 1850 ait,
342 1771 419 1851 q*
432 1772 576 1834 nonnulle
597 1770 736 1850 adeoque
761 1771 898 1850 graviora
920 1777 1072 1833 annotare

106 1858 287 1937 neglexerit.
327 1858 396 1919 Alia
411 1874 490 1937 qnee
496 1856 565 1921 usui
579 1860 676 1933 erant,
690 1874 745 1919 auo
752 1873 890 1936 quaeque
898 1854 968 1917 loco
982 1872 1072 1917 oom-

105 1948 402 2103 meffirpppptpppes'
419 2045 494 2105 quas
508 2027 617 2101 adieci,
631 2026 793 2089 maximam
807 2030 927 2104 purtem
940 2021 1072 2085 criticae
1111 2101 1114 2116 1

107 2119 198 2187 sunt,
219 2113 277 2173 aed
290 2113 375 2190 ouria,
396 2112 456 2173 nisi
469 2112 621 2173 sententie
637 2108 890 2188 verbornmprius
902 2106 1071 2171 constitute
1112 2121 1114 2128 '

107 2196 164 2271 sit,
184 2197 271 2256 crisis
284 2196 334 2255 uix
348 2200 451 2272 potest
459 2202 545 2255 recte
558 2195 704 2266 exerceri,
718 2192 896 2272 plenumque
908 2192 1001 2253 etium
1012 2209 1070 2253 no-

108 2286 160 2342 tae
175 2279 215 2339 nd
229 2276 512 2357 interpretationem
529 2277 718 2356 pertinentes
732 2277 950 2339 intercedunt·
976 2276 1070 2354 Quod

106 2363 153 2426 ibi
165 2363 329 2442 praecipue
345 2361 542 2436 factumest,
563 2359 617 2421 ubi
630 2359 752 2423 codices
767 2361 900 2436 variant,
920 2360 980 2423 hec
996 2362 1071 2423 iere

108 2465 232 2526 semper
256 2445 393 2507 adhibita
425 2444 551 2524 regulo,
582 2450 731 2524 utquam
758 2446 923 2508 ostendere
943 2464 1070 2526 possem

108 2532 290 2611 scripturum
304 2549 373 2591 esse
388 2547 427 2591 ex
440 2527 653 2608 grammaticis,
673 2530 817 2606 metricis,
838 2529 965 2608 diisque
975 2548 1068 2609 prae·

108 2616 207 2760 ceptis
220 2615 313 2715 etium
326 2620 438 2695 poetae
454 2614 593 2759 irpgenim
621 2615 840 2761 sententipffi
840 2615 1016 2761 ¹1ponteputui
1033 2619 1070 2677 ct

108 2718 145 2762 re
166 2718 202 2761 us
215 2718 345 2762 maxume
361 2716 474 2760 consen
488 2718 610 2773 ancum,
628 2718 696 2759 enm
707 2718 741 2761 ur
884 2718 919 2761 re
970 2716 1069 2773 erem,

109 2784 206 2847 altera
217 2785 343 2858 reiecta,
356 2784 415 2845 etsi
429 2782 592 2845 multorum
599 2783 687 2846 codd.
702 2784 881 2847 auctoritate
893 2789 926 2845 et
931 2719 1068 2847 virorum

109 2868 269 2931 doctorum
276 2867 494 2949 approbatione
509 2866 696 2931 confirmato.
738 2867 839 2945 Plura,
860 2867 1069 2949 quaeabaliie

108 2950 327 3035 interpretibus
341 2954 422 3014 bene
435 2952 572 3032 exposita
584 2954 662 3015 mihi
674 2953 877 3029 innotuerant,
890 2954 935 3015 cic
949 2953 983 3013 in
998 2970 1069 3015 me·

109 3056 163 3099 um
177 3057 266 3101 usum
281 3036 441 3112 transtuli,
467 3041 503 3097 ut
522 3035 572 3099 vel
587 3057 693 3100 eorum
711 3039 920 3101 annotationes
940 3044 1069 3117 repete-

109 3140 192 3196 rem,
213 3127 247 3182 et
258 3121 413 3182 interdum
425 3139 501 3182 nora
517 3121 673 3200 adderem,
688 3121 737 3183 vel
751 3142 804 3184 eas
817 3124 855 3185 ab
868 3122 934 3186 aliis
949 3122 1069 3201 impro·
1095 3166 1100 3175 ·

110 3205 196 3281 betae
211 3205 422 3281 defenderem,
441 3205 492 3267 tel
505 3204 653 3287 denique,
674 3225 752 3286 qune
758 3208 818 3287 ipsi
832 3209 909 3269 mihi
922 3206 1067 3287 displice-

109 3294 197 3365 rent,
218 3291 436 3369 impugnarem.
479 3289 573 3352 Utilia
594 3310 668 3353 aene
690 3298 723 3354 et
744 3294 784 3354 nd
794 3290 934 3353 Persium
954 3290 1068 3353 melius

109 3373 353 3453 cognoscendmn
363 3376 829 3439 accommodataaubministrnvIt
842 3376 1067 3438 censorlenen·

110 3456 153 3524 siu
167 3458 276 3525 otetur
288 3458 461 3541 eclogarum
467 3460 506 3525 N.
517 3464 562 3527 w
574 3480 638 3542 sqq·
648 3481 689 3525 m.
697 3462 771 3543 Apa.
785 3462 843 3525 An.
856 3452 958 3528 182'82
978 3460 1066 3523 idem
