2454 4110
112 982 115 987 ·
193 940 796 1093 -uumsun1o

56 1268 208 1380 Persius,
228 1296 506 1384 espleudidisstma
521 1295 636 1361 ordinis
652 1295 802 1377 equestris
819 1302 911 1377 geute
927 1302 1022 1369 ortus,

10 1400 17 1471 'p
37 1416 48 1469 ,ς
57 1389 200 1469 virginali
213 1390 319 1469 specie
333 1389 458 1448 ornatus
478 1389 512 1447 et
533 1384 642 1465 opibus
662 1383 703 1444 ad
718 1383 916 1445 lautissimam
931 1382 1023 1443 vitam

10 1498 44 1537 r:-
58 1475 241 1537 necessariis
256 1475 431 1546 instructus,
447 1475 608 1550 postquam
619 1465 790 1531 volaterris
805 1470 837 1530 iu
851 1466 975 1529 Etruria
990 1466 1023 1526 iu

59 1558 130 1621 sinu
144 1560 249 1621 matris
264 1557 402 1622 amabilis
414 1555 577 1635 pueritiam
598 1559 800 1633 transegerat,
825 1554 964 1626 Rumam,
987 1557 1024 1610 ut

57 1643 105 1706 ibi
126 1644 302 1706 liberalibus
326 1640 493 1721 disciplinis
514 1645 653 1714 vacaret,
676 1657 874 1718 magnacum
902 1655 958 1717 spe
989 1652 1023 1695 sc

56 1729 190 1791 contulit
204 1735 237 1790 et
252 1728 372 1809 gaudio,
389 1726 472 1804 quod
486 1725 605 1800 urbem,
621 1724 707 1786 cuius
723 1724 914 1804 egregiarum
927 1719 1022 1782 virtu·
1088 1742 1091 1747 ·

10 1826 14 1885 ,¹
59 1818 129 1875 tum
141 1814 307 1893 imaginem
320 1812 354 1873 iu
367 1810 533 1873 solitudine
548 1811 649 1874 auimo
662 1814 859 1891 conceperat,
873 1807 935 1871 iam
951 1822 1023 1865 ocu·

10 1914 12 1923 ·
55 1895 100 1977 lis
114 1899 179 1961 suis
189 1898 303 1961 intueri
320 1903 353 1958 et
368 1896 511 1959 admirari
524 1902 638 1975 posset
680 1894 745 1957 Sed
758 1893 811 1955 ubi
835 1897 902 1954 erat
923 1890 1024 1970 prisca

10 1992 15 1999 '
51 1980 113 2043 llla
131 1981 271 2044 Romana
291 1979 479 2056 magnitudo,
502 1980 556 2039 ubi
579 1979 736 2056 fortunata
759 1975 948 2054 simplicitas,
970 1971 1024 2030 uhi

51 2055 217 2124 celebrata
231 2055 352 2133 petrum
365 2056 509 2109 mortus!
531 2053 630 2125 Urbs,
652 2068 731 2130 quae
756 2050 900 2117 adversus
917 2054 1023 2120 hostes

50 2159 184 2221 scupea·
205 2141 334 2199 steterat
356 2133 484 2206 invicta,
504 2133 567 2195 suis
590 2153 671 2198 nunc
696 2137 776 2199 vitiis
795 2139 875 2202 victa
895 2142 1023 2206 iacebat

56 2225 180 2307 opibus
196 2243 231 2285 ac
249 2219 366 2281 divitus·
374 2216 493 2279 sublata
514 2218 691 2297 frugalitas:
715 2241 733 2283 a
757 2227 960 2306 temperantia
982 2228 1024 2289 ad

55 2312 175 2384 luxum,
196 2328 215 2370 a
230 2303 416 2379 coutinentia
430 2302 471 2365 ad
487 2302 648 2367 libidinem·
659 2306 818 2386 descitum,
842 2311 935 2374 animi
950 2331 1024 2374 cou-

55 2396 213 2461 stantiaet
232 2384 362 2472 grauitas
378 2387 431 2449 vili
445 2395 580 2452 cesserat
594 2390 727 2454 levitatis
747 2394 828 2457 ritae
843 2414 1023 2475 morumque

54 2479 221 2559 integritas
237 2481 366 2549 remota,
386 2473 623 2538 fidesiuservile
632 2477 779 2541 submissa
787 2479 976 2558 obsequium,
984 2481 1022 2542 il-

25 2574 30 2581 “
56 2561 482 2636 lotumadulaudicertomeu,
497 2560 625 2640 aliaque,
640 2581 763 2640 quaeex
775 2564 1021 2639 hisoririsoleut,
1121 2590 1125 2595 ·

56 2632 203 2711 ditiorum
221 2666 343 2727 genera.
386 2644 452 2707 Neo
468 2651 581 2722 tamen
603 2652 638 2709 ut
652 2647 776 2710 Tacitus
793 2649 846 2723 alt,
868 2650 947 2711 adeo
961 2651 1021 2711 vir-

54 2738 162 2797 autum
176 2726 281 2796 sterile
297 2730 434 2793 seculum
442 2737 517 2806 crat,
531 2736 566 2792 ut
581 2750 642 2793 nou
657 2739 690 2795 et
700 2734 781 2795 bona
795 2734 934 2813 exempla
948 2752 1020 2813 pro-
1045 2783 1051 2791 .

56 2817 186 2880 diderit.
228 2817 349 2878 Iuvenis
363 2814 444 2877 cn'im
452 2814 585 2891 Persius,
607 2818 660 2896 qui
674 2819 820 2880 intactum
837 2819 1021 2881 scammum

57 2903 203 2965 uitiorum
218 2903 399 2981 contagione
413 2907 584 2963 servaverat
592 2903 734 2979 animum,
747 2909 871 2984 praeter
883 2902 958 2965 allos
972 2903 1025 2964 iu-'

58 2988 164 3067 signes
180 2987 389 3049 tiroeinveuit
404 2984 531 3049 Paetum
546 2986 731 3063 Thraseam,
752 2989 849 3050 virum
864 2993 1020 3068 spectatae

57 3072 247 3147 honestatis,
266 3072 432 3150 intimaque
453 3072 518 3134 eius
541 3092 613 3135 usus
634 3079 682 3136 est
695 3074 908 3136 familiaritate.
952 3072 1019 3136 Sic·
1109 3096 1112 3101 ·

58 3159 108 3219 uti
133 3158 186 3220 illa
213 3158 328 3219 stoicae
357 3157 567 3239 philosophiae
588 3160 760 3241 praeceptis
783 3158 923 3222 addictus
942 3165 1019 3234 crat,

56 3242 106 3307 ita
121 3243 214 3305 etiam
229 3241 351 3303 Persius
367 3242 496 3305 cauden
521 3245 720 3322 sequebatur,
740 3246 801 3307 uou
824 3264 897 3306 casu
918 3244 1018 3322 aliquo

37 3327 189 3391 -fortuito
203 3330 237 3389 in
255 3327 444 3408 disciplinam
462 3328 589 3391 Cornuti
602 3331 761 3405 inductus,
783 3331 839 3393 sed
857 3329 937 3408 quod
952 3329 1018 3408 ipsa

10 3490 19 3501 .
59 3430 133 3475 eum
146 3420 254 3477 natura
266 3413 307 3476 ad
322 3413 509 3497 gravitatem,
530 3417 771 3498 temperantiam,
792 3415 884 3541 palmi
901 3412 1017 3493 magni-

102 3520 225 3561 emma.
