2414 4140
186 140 194 155 ⁸
219 194 262 256 48
510 172 881 250 annosarronaa

220 337 341 405 fatearis,
349 337 454 391 Baucin
467 355 622 409 pannosam
635 339 789 391 herbarum
802 336 988 390 venditricem
1001 354 1061 391 non
1077 338 1172 410 minus,

261 427 307 461 am
318 419 362 475 te,
379 426 491 479 sapere,
508 409 527 461 i.
541 426 565 462 e.
584 427 642 461 non
658 409 762 461 minori
775 426 860 477 quarn
875 416 918 473 te,
937 408 1077 476 sapientia
1098 427 1172 479 prae·

219 428 309 531 gpmm
320 493 387 544 esse,
405 496 492 547 quum
506 478 616 530 venalia
629 496 728 547 ocyma
740 478 820 528 tarde
834 477 992 527 transeunti
1007 495 1091 531 servo
1107 478 1172 531 cele·

218 548 370 600 araverit?
388 549 499 617 Optima
513 557 554 600 est
566 549 596 599 in
608 548 650 599 his
664 548 868 617 cogitationum
880 546 1077 613 cohaerentia,
1097 558 1126 600 et
1137 557 1172 600 ta·

218 632 286 669 men
298 618 443 681 Meisterus
458 634 520 670 eam
532 616 690 669 discordem
702 626 730 668 et
748 616 897 684 pessimam
911 615 1051 683 appellat,
1071 633 1107 669 eo
1122 617 1172 669 sci·

217 686 286 738 licet
304 685 435 747 consilio,
452 696 486 738 ut
504 689 563 755 ipse
581 686 705 738 inveniat
731 688 834 736 novam
855 692 883 735 et
901 683 1067 737 inauditam.
1105 687 1171 739 Nam

218 755 340 807 maxime
349 764 478 807 contorta
494 765 535 808 est
548 756 605 807 eius
619 755 814 822 interpretatio
828 754 980 805 verborum
992 759 1171 810 Dinomaches

217 845 269 897 ago
285 846 343 878 sum
355 854 389 865 -
404 830 469 878 Sum
483 828 623 880 condidus.
656 822 784 887 “Acrius,
802 822 903 891 inquit,
923 831 1026 873 cuncta
1039 823 1112 876 haec
1125 841 1171 876 va-

216 892 277 945 lent
296 893 332 945 ad
346 895 500 945 Neronem!
519 892 687 963 Agrippinae
706 907 758 961 ego
778 894 852 943 sum!
870 895 919 956 En,
938 890 1111 945 malitiosam
1121 892 1171 945 ali·

217 979 303 1031 quam
320 962 443 1031 ellipsin!
461 962 644 1032 Agrippinae!
663 961 807 1024 Quisnam!
826 960 954 1011 filiusne?
972 977 1009 1011 an
1023 962 1170 1014 amatorl’'

215 1031 271 1083 Sed
285 1031 387 1100 ellipsis
399 1031 453 1083 ista
468 1032 589 1103 vulgaris
604 1039 658 1095 est,
678 1038 706 1082 et
716 1028 788 1081 nihil
804 1026 890 1081 habet
913 1028 1042 1097 quaesiti.
1077 1035 1169 1083 sirmas

215 1100 287 1153 haec
308 1101 345 1152 ad
364 1103 506 1152 Neronem
528 1110 672 1169 spectare,
690 1108 785 1150 tamen
808 1101 886 1165 filius
905 1106 1018 1150 tantum
1048 1100 1170 1169 suppleri

214 1169 275 1221 iam
287 1176 328 1221 ’ea
342 1171 376 1222 de
391 1188 475 1223 causa
485 1178 587 1239 potest,
606 1167 681 1240 quod
695 1170 878 1221 Dinomaches
899 1187 950 1238 ego
968 1188 1029 1220 sum
1046 1168 1083 1219 ad
1100 1168 1168 1221 Alci·

214 1238 329 1291 biadem
341 1241 455 1308 proprie
468 1241 617 1308 pertinent.
655 1243 816 1289 Amatorem
830 1235 912 1287 simul
926 1245 987 1287 tum
1002 1237 1127 1305 suppleri
1138 1237 1168 1288 li·

216 1316 303 1373 caret,
321 1309 345 1360 si
358 1308 532 1361 Alcibiadem
548 1310 633 1360 etiam
645 1324 710 1359 curn
719 1315 871 1357 matresua
885 1321 948 1356 rem
959 1304 1091 1359 habuisse
1105 1323 1167 1359 con-

214 1385 310 1430 staret.
346 1377 427 1440 Quod
441 1395 529 1446 quum
542 1386 641 1429 notum
651 1393 708 1427 non
722 1375 766 1441 sit,
784 1390 838 1426 nec
851 1373 964 1425 admitti
976 1383 1069 1442 potest
1081 1376 1166 1428 altera

170 1494 179 1510 ,
213 1446 338 1497 Meisteri
359 1445 476 1514 ellipsis,
494 1447 614 1516 ideoque
631 1463 689 1498 non
702 1444 795 1495 solum
816 1443 968 1512 praecipua
979 1443 1038 1499 eius
1051 1440 1167 1514 disputa·

213 1513 298 1565 tionis
317 1531 383 1584 pars
404 1515 540 1581 concidit,
564 1516 614 1568 sed
634 1515 719 1567 etiam
739 1521 835 1565 actum
862 1520 904 1563 est
922 1512 956 1564 de
979 1513 1166 1579 concinniore,

213 1600 300 1652 quam
319 1584 427 1654 assequi
444 1585 571 1651 volebat,
588 1584 791 1637 sententiarum
810 1581 1015 1638 coniunctione.
1033 1586 1076 1635 Ita
1095 1582 1165 1637 enim

214 1653 373 1724 coniungit:
392 1657 474 1719 Esto,
492 1664 521 1706 te
539 1654 623 1705 simul
637 1662 793 1704 amatorem
803 1650 972 1721 Agrippinae
984 1650 1079 1717 fuisse,

349 1725 458 1775 Dumna
476 1724 598 1777 deterius
614 1724 703 1791 sapiat
719 1738 866 1789 pannucea
881 1721 988 1785 Baucis,

211 1788 268 1843 hoc
282 1800 323 1843 est
337 1793 503 1859 manifesto,
521 1792 624 1845 dumne
642 1809 686 1843 res
700 1790 790 1842 multo
803 1790 913 1858 peiores
930 1789 964 1841 de
980 1789 1164 1851 teredoleant

211 1860 322 1913 vetulae
333 1862 411 1914 huic!
420 1867 438 1893 ’'
457 1861 562 1915 Deinde
575 1878 670 1914 rursus
686 1860 716 1911 in
729 1860 869 1939 angustias
881 1857 1007 1910 redactus
1020 1867 1064 1909 est
1076 1860 1164 1913 verbis

211 1950 270 1983 aum
283 1935 417 1985 candidus
427 1933 533 1985 Neroni
547 1928 803 1985 accommodandis.
836 1927 909 1979 Audi
919 1926 1110 1996 interruptam
1121 1946 1162 1981 ex·

209 1997 406 2118 plicationem:
426 2003 453 2053 si
467 2002 555 2055 filius:
573 2003 713 2054 formosus
726 2008 754 2051 et
774 1998 833 2067 ipse
845 2014 925 2059 snm,
940 1996 1044 2117 quippe
1058 2014 1092 2050 ex
1107 2014 1163 2049 mu·

225 2067 280 2119 'ere
301 2069 504 2122 formosissima
524 2076 634 2123 natus.'’
669 2073 709 2120 En
729 2068 851 2119 subitam
867 2065 984 2118 Neronis
1020 2067 1164 2120 ormosita·

209 2139 283 2188 tem!
302 2138 433 2189 Profecto
454 2140 524 2189 nihil
536 2139 646 2189 felicius
659 2137 790 2189 Meistero
811 2135 939 2188 accidere
952 2135 1063 2203 potuit,
1082 2152 1164 2207 quam

209 2213 243 2255 ut
254 2207 336 2263 Nero,
350 2206 398 2273 qni
411 2205 575 2257 foedissimo
592 2214 651 2256 erat
665 2222 793 2271 corpore,
811 2213 901 2256 matre
917 2212 1046 2256 uteretur
1056 2205 1164 2258 formo-

210 2272 317 2324 sissima
337 2275 437 2342 etipse
453 2290 483 2325 se
502 2274 609 2326 idcirco
629 2272 780 2341 pulchrum
792 2274 939 2326 nominare
953 2283 1057 2342 posset.
1068 2272 1164 2327 -Sed

209 2349 243 2391 ut
258 2342 463 2410 cogitationum
482 2342 579 2407 series,
599 2341 674 2412 quod
695 2359 757 2394 eam
778 2343 882 2412 ellipsi,
902 2358 973 2412 quae
986 2342 1065 2395 nullo
1079 2343 1161 2397 modo

210 2410 344 2462 constitui
360 2419 465 2479 potest,
483 2411 628 2480 producit,
653 2412 839 2480 improbanda
859 2421 914 2477 est,
939 2412 980 2463 sic
1000 2429 1114 2483 quoque
1131 2428 1162 2464 ea

208 2478 338 2547 tollitur,
356 2481 432 2550 quod
443 2483 529 2533 verbo
545 2502 640 2552 sapere
652 2481 901 2552 significationem,
920 2482 992 2550 (suae
1009 2499 1068 2533 non
1081 2482 1161 2547 inest,

208 2548 335 2603 subiecit.
353 2555 455 2623 Sapere
467 2550 542 2603 enim
558 2568 614 2602 non
632 2560 673 2603 est
685 2554 820 2616 redolere,
840 2556 927 2618 scire,
945 2550 996 2602 sed
1012 2555 1161 2624 sapientem
1178 2550 1184 2561 ’

208 2640 282 2680 ense5
300 2623 420 2675 deterius
438 2621 457 2674 i.
477 2637 501 2674 e.
523 2626 625 2686 ocinus,
647 2628 679 2671 ut
690 2619 765 2689 apud
782 2622 877 2675 Horat.
897 2624 952 2673 Sat.
967 2623 1046 2687 1,90‚
1064 2621 1090 2674 si
1099 2622 1160 2692 pla·

207 2703 288 2741 ceant
301 2709 348 2762 spe
362 2695 491 2745 Deterior
505 2704 607 2744 nostra.
624 2688 687 2742 Vid.
699 2688 844 2741 Heindorf.
859 2688 895 2739 ad
907 2688 962 2743 h.1.
980 2688 1064 2752 Quod
1077 2692 1161 2758 quu'm

207 2773 307 2809 verum
319 2759 363 2824 sit,
377 2758 461 2810 etiam
476 2758 620 2828 explicatio
630 2759 783 2811 verborum
795 2778 890 2824 ocyma
906 2766 934 2809 et
945 2760 1010 2811 bane
1029 2762 1161 2812 discimto

206 2825 279 2878 falsa
295 2828 435 2879 nominari
451 2828 543 2883 debet.
583 2830 656 2880 Nam
669 2845 757 2898 quum
771 2827 858 2879 verba
871 2830 967 2880 dumne
986 2828 1108 2881 deterius
1118 2847 1161 2881 aa·

202 2900 267 2966 pict
278 2894 494 2964 interpretetur:
506 2898 609 2951 dumne
623 2896 732 2967 peiores
739 2912 783 2950 res
794 2895 950 2960 redoleant,
960 2894 978 2947 i.
986 2911 1010 2948 e.
1025 2904 1054 2948 te
1071 2894 1161 2947 libidi-

206 2963 288 3014 nibus
306 2970 468 3018 enervatum
487 2983 563 3032 esse,
583 2984 682 3036 ocyma
701 2966 860 3037 significare
878 2963 1023 3018 contendit
1044 2964 1161 3017 herbam

205 3029 382 3109 hortensem,
401 3036 555 3102 odoratam,
597 3032 765 3105 ’λεγόμενον
776 3033 937 3106 βασιλικόν,
957 3032 1033 3103 quod
1046 3042 1161 3085 auctore

204 3098 294 3151 Plinio
308 3104 440 3159 limatur.
447 3108 507 3163 XII.
525 3124 550 3159 c.
565 3112 577 3167 l
622 3110 763 3161 Venerem
775 3102 918 3173 stimulet,
936 3111 965 3155 et
977 3103 1051 3155 liene
1061 3102 1160 3173 discin-

206 3176 285 3221 ctum
297 3186 413 3224 vernam
432 3175 502 3229 dicit
510 3192 579 3242 essa,
598 3174 647 3245 qni
659 3174 808 3229 dissolutus
828 3190 940 3243 quoque
952 3170 1064 3225 Neroni.
1077 3172 1107 3241 ip
1120 3173 1161 3225 in·

204 3237 281 3291 timis
298 3238 423 3295 cubiculi
442 3244 597 3311 reeeuilm
612 3236 760 3298 mir'rirtret.
779 3248 906 3312 ocymum
920 3249 1025 3307 autem,
1047 3248 1080 3293 ut
1095 3240 1160 3293 h.l.

205 3306 384 3365 scribendum
394 3320 537 3407 μὴ
558 3314 577 3367 ⁰.
592 3339 650 3358 ι
691 3320 752 3369 arat
771 3311 919 3383 (vid.1²tin.
935 3310 985 3365 lib.
1000 3312 1043 3367 18.
1062 3326 1088 3364 a·
1104 3310 1158 3375 16.)
