2454 4110
295 194 676 315 'rusornrpo
975 235 1015 289 m

55 379 171 443 eodem
184 376 252 439 loco
266 375 299 437 ln
315 394 444 437 censura
454 372 665 436 Donuerianac
672 372 871 437 Germanicae
887 372 1015 438 mansla-

55 465 153 527 tionis
166 462 204 523 N.
217 466 281 528 198
297 480 341 540 sq.
353 481 394 521 m.
408 459 532 521 Octobr.
546 459 582 520 A.
600 463 699 523 1822:
722 481 739 521 a
755 462 840 522 corius
852 469 955 523 tamen
968 461 1016 521 in-

56 548 281 629 terpretatione
304 564 515 623 nonnunquam
532 550 564 604 et
586 544 655 604 sere
665 544 778 629 ubique
794 546 935 621 discessi,
961 545 1015 606 ubi

57 640 114 696 aut
129 633 276 695 rariorem
293 632 474 710 scripturam
488 629 671 702 introduxit,
693 636 746 690 aut
760 631 955 705 coniecturis,
977 630 1016 691 ab

57 719 128 799 lpso
141 717 333 796 excogitatis,
355 713 455 776 locum
471 714 565 774 dedit.
606 714 770 776 Enimvero
792 713 946 790 Persium,
963 734 1017 777 cu·

58 803 108 864 lars
121 802 323 863 difficultates
338 821 357 860 a
371 799 554 878 corrigendo
569 799 778 860 abstinuerunt
791 799 940 875 librarios,
956 818 1018 861 nou

57 886 135 949 licet
158 885 341 947 coniecturis
358 891 498 958 tentare,
527 883 587 944 nisi
607 885 661 945 nbi
682 904 800 945 summa
826 885 1018 965 corruptelae

59 972 213 1035 evidentia
228 971 282 1044 sit,
305 975 337 1031 et
352 969 459 1048 uliquis
474 988 513 1029 ex
525 969 680 1030 codicibus
701 970 775 1050 ipsis
798 970 924 1031 accedat
945 988 1019 1031 con-

58 1076 176 1120 sensus.
205 1056 307 1134 Quare
321 1055 402 1115 inter
415 1073 557 1114 censores
572 1054 1019 1133 Heidelbergensesdu.1814

58 1141 140 1204 alter
153 1139 189 1200 K.
205 1140 241 1201 F.
255 1158 324 1220 pag.
342 1144 427 1203 1024
442 1157 506 1217 sqq.
518 1139 724 1219 maximopere
737 1139 952 1218 vituperandus
960 1143 1018 1213 est,

60 1225 145 1307 qnod
155 1226 277 1304 ingenio
291 1224 381 1285 nimis
395 1223 557 1300 indulgens
572 1228 604 1282 et
618 1224 757 1284 novimtis
768 1224 871 1301 specie
890 1223 1019 1284 allectus

51 1328 154 1390 -aaepe
165 1310 216 1371 vel
231 1310 387 1371 sanissima
401 1308 541 1381 mutavit,
564 1308 637 1367 dum
657 1308 749 1383 alter,
771 1306 875 1367 littera
892 1310 927 1370 Σ
944 1306 1019 1368 insi-

59 1396 181 1474 gnitus,
202 1395 342 1473 uolgatae
357 1392 496 1454 lectionis
510 1392 928 1472 retinendaecupidiorestet
941 1410 1020 1471 quac

59 1478 237 1551 difficiliora
250 1486 321 1539 sunt
330 1472 401 1557 apte
409 1477 595 1557 explicandis
607 1478 760 1539 intentior.
791 1476 928 1538 Invenies
944 1496 1019 1555 quo·

61 1582 122 1644 que
144 1563 418 1624 animadversiones
438 1562 646 1636 brevissimas,
673 1563 707 1622 in
729 1562 836 1640 quibus
857 1563 921 1623 sola
942 1561 1019 1625 scri-

59 1654 181 1729 pturam
196 1648 249 1710 uni
264 1649 390 1709 alterive
410 1648 577 1728 praelatam
602 1647 832 1726 approbantium
854 1646 1019 1707 auctoritas

60 1738 195 1799 notatur.
244 1732 286 1794 nt
299 1732 441 1794 Meisteri
461 1734 543 1794 satir.
564 1731 608 1794 1v
628 1732 850 1811 interpretandi
868 1731 1020 1792 rationem

10 1846 15 1851 ·
55 1817 213 1897 ¹copiosius
227 1818 413 1896 redarguere
430 1818 550 1891 studui,
572 1818 654 1895 quod
668 1817 742 1877 inde
756 1822 858 1897 potest
871 1815 1019 1890 excusari,

10 1912 16 1975 ξ
58 1900 143 1980 quod
150 1901 203 1960 ille
215 1902 281 1981 ipse
297 1903 430 1979 singulas
445 1903 593 1982 opinionis
600 1922 673 1963 suae
686 1908 800 1980 partes,
812 1904 839 1961 si
852 1902 919 1978 quis
927 1918 1021 1977 ogero

13 2030 16 2041 .
58 1985 135 2046 velit
149 1990 250 2056 recte,
272 1986 423 2060 gradatim
442 1986 622 2044 refutandas
643 1986 733 2041 dicits
755 1985 788 2040 in
801 2003 861 2058 qua
879 1983 1020 2043 eiusde·

54 2065 281 2130 monstratione
294 2082 356 2123 uon
372 2065 463 2123 modo
477 2080 620 2139 magnum
636 2062 814 2123 cruditionis
834 2070 1020 2143 apparatum,

56 2148 118 2215 scd
130 2147 334 2225 multomagis
349 2147 462 2224 ingenii
474 2165 601 2208 acumen
616 2146 809 2222 admiramur,
823 2149 906 2226 quod
917 2154 1020 2213 tamen

59 2232 235 2312 exemplum
246 2233 375 2310 praebet
388 2229 478 2291 simul
489 2231 776 2306 luculentissimum,
797 2233 948 2311 quomodo
963 2235 1018 2296 ho·

58 2336 112 2379 mo
125 2322 248 2390 acutus,
257 2315 465 2395 s'iopinionem
480 2316 588 2376 falsam
596 2323 699 2376 mente
712 2317 808 2378 semel
819 2320 1019 2398 compreheu-
1129 2372 1136 2383 .

59 2401 159 2474 derit,
180 2400 212 2459 in
226 2401 373 2461 maximos
389 2419 509 2461 errores
522 2401 680 2480 ingeniose
695 2409 787 2479 queat
799 2403 911 2464 induci.
955 2402 1019 2464 Sed

59 2484 96 2547 iu
112 2484 237 2562 reliquis
256 2485 321 2545 eius
335 2485 384 2544 ·ad
397 2484 535 2546 Persium
551 2487 770 2565 pertinentibus
789 2487 1019 2567 scriptis-multi

60 2574 136 2631 suut
151 2568 227 2643 loci,
250 2570 302 2647 qui
311 2570 435 2644 rectius,
458 2590 547 2648 quom
561 2571 678 2631 sactum
692 2577 740 2631 est
752 2578 857 2644 antea,
880 2572 945 2632 eius
959 2591 1019 2651 ope

58 2653 288 2732 intelligrmtur:
310 2655 420 2715 multas
437 2654 633 2716 difficultates
655 2655 867 2716 animadvertis
886 2652 1018 2718 sublatos

60 2756 155 2818 quum
174 2738 321 2814 exquisita
334 2740 399 2800 cius
414 2739 568 2813 doctriua,
590 2746 657 2799 tum
669 2740 823 2803 iudicandi
837 2740 997 2818 elegantia.

124 2822 278 2898 Denique,
300 2824 370 2900 quia
389 2825 554 2902 optandum
568 2829 631 2897 est,
652 2829 687 2883 ut
703 2826 794 2884 etiam
807 2824 913 2885 Persio
928 2846 1018 2904 pare-

58 2911 112 2966 tur
126 2905 221 2965 editio
234 2925 304 2965 cum
309 2907 438 2984 integra,
447 2913 592 2985 qrsotquot
604 2914 694 2968 notae
707 2916 777 2969 sunt
786 2929 823 2971 ex
834 2910 919 2970 libris
926 2910 1017 2972 MSS.

60 2989 236 3061 desumtae,
258 2992 437 3052 variantium
458 2990 621 3053 lectionum
643 2993 839 3068 collectione,
868 2996 973 3055 addidi
985 2998 1018 3057 in

57 3072 143 3135 hunc
155 3090 252 3137 lusum
270 3076 363 3134 trium
377 3076 526 3150 codicum,
543 3076 766 3153 Wimariensis,
789 3079 1017 3143 Ghemniceusis

59 3154 95 3219 ct
113 3156 243 3217 Parisini
254 3159 427 3237 scripturas.
471 3161 554 3236 lllae,
570 3182 643 3240 quas
656 3164 717 3222 iam
731 3183 820 3242 supra
834 3184 1017 3229 commemo-

57 3242 140 3315 ravi,
160 3243 273 3322 partim
293 3243 355 3305 iam
371 3246 527 3324 evulgatae
550 3254 620 3308 sunt
639 3246 811 3308 aPassovio
832 3250 872 3309 ad
892 3251 1017 3312 satiram

57 3326 204 3405 primam,
226 3327 362 3407 reliquae
376 3335 488 3405 autem,
501 3338 646 3410 quantum
659 3331 762 3405 sciam,
788 3333 888 3393 adhuc
909 3352 1015 3395 recon-

58 3410 143 3477 slitse
157 3418 253 3475 erant.
294 3412 464 3479 Parisinum
478 3418 615 3481 codicem
624 3434 653 3478 n.
664 3417 818 3483 Stlbbiam
824 3417 1016 3481 Acbaintrius
