2454 4110
211 278 255 339 32
512 268 885 361 rnnorauronus.
957 339 961 347 ¹

211 422 287 475 narie
302 418 461 473 imitatione
475 431 563 473 carm.
572 419 630 474 Vll.
647 433 688 475 va.
699 415 778 472 ste:
798 430 916 471 veterem
938 435 1019 489 quum
1041 429 1071 471 te
1089 418 1181 472 induit

212 512 280 546 uxor
297 506 362 543 ante
374 492 454 543 boues
475 489 598 541 trabeam
612 491 827 559 dictatoremque
840 489 968 559 salignae
981 492 1123 559 Excepere
1129 486 1182 559 so-

130 571 133 577 '
212 582 265 615 ree·
300 562 373 611 Tum
391 556 505 627 quidem
525 573 553 611 ce
566 555 754 623 desideratur,
778 555 830 609 sed
848 554 966 609 ferenda
985 555 1045 607 ciue
1065 554 1196 608 omissio

213 638 263 696 est,
276 627 459 680 antecedente
474 626 602 679 vocativo
616 634 645 677 et
655 633 789 695 sequente
799 624 968 694 pronomine
980 639 1039 681 tua.
1064 628 1182 677 Senten-

212 699 254 751 tia
266 698 296 749 in
307 698 419 750 brevius
434 704 582 748 contrecta
591 694 662 748 baec
677 703 734 747 ert:
752 712 840 764 quum
853 694 1049 762 Racilia,uxor
1064 702 1126 763 tue,
1138 710 1183 776 οοῑ

214 768 291 839 quod
304 783 423 835 propere
438 782 453 818 e
466 765 578 835 tugurio
591 773 620 817 to
640 782 687 817 am
699 764 834 833 protulit,
853 763 964 829 effecit,
980 771 1012 815 ut
1025 762 1116 835 legati
1131 762 1182 817 tiln

213 845 279 891 unte
298 836 385 889 boves
403 834 572 886 dictaturam
594 850 611 885 ο
634 841 738 888 errent.
772 835 953 904 depaverunt
973 848 1040 885 eum
1064 840 1182 905 auctore

213 906 292 959 Livio
305 905 356 957 lib.
370 907 416 955 111.
435 920 460 955 c.
475 904 518 957 26.
535 902 632 973 legati,
652 911 685 955 ut
694 910 809 972 togatus
822 903 1079 956 mandataeenettu
1102 902 1182 956 audi·
1220 946 1222 953 .

213 985 267 1028 ret.
288 974 316 1025 si
327 972 461 1025 scribitur
475 992 552 1043 quem
561 997 597 1011 -
608 974 780 1025 dictaturam
799 976 907 1040 induit,
926 980 959 1024 ut
973 972 1018 1025 vir
1036 971 1138 1028 doctru
1153 970 1183 1025 in

214 1044 284 1097 actis
293 1041 424 1094 literariie
437 1046 494 1095 len.
511 1040 531 1094 l.
545 1040 566 1093 1.
584 1039 653 1107 vult,
668 1040 817 1094 durissima
831 1049 958 1095 estcum
971 1042 1014 1093 hie
1029 1040 1124 1093 verbis
1136 1058 1182 1095 eo·

213 1130 293 1180 rum,
312 1128 384 1182 quae
396 1118 564 1182 sequuntur,
582 1109 743 1164 coniunctio
756 1116 795 1167 Et
811 1126 861 1166 tua
873 1126 970 1167 aratra
982 1114 1092 1166 domum
1103 1114 1183 1167 lictor

215 1186 329 1303 tumis.
346 1253 390 1306 75.
415 1251 533 1331 Bryaaei
546 1276 579 1287 ·-·
598 1252 703 1304 Briseis
717 1264 752 1301 ex
767 1249 930 1303 coniectura
941 1253 1070 1371 scoppae
1087 1248 1182 1319 plures

214 1319 370 1385 dederunt,
384 1318 432 1372 ced
445 1338 475 1371 ru
489 1316 620 1372 omnihus
633 1319 754 1388 antiquit
765 1318 844 1372 libris
859 1328 948 1373 exstat
959 1335 993 1372 ve
1018 1322 1148 1389 Bryseai,
1157 1332 1182 1373 1.

215 1394 323 1459 Bryeei,
341 1389 387 1441 vel
401 1394 518 1453 Britcei,
535 1404 557 1440 e.
572 1392 669 1455 lirini,
686 1388 714 1440 h.
728 1404 752 1439 e.
767 1386 905 1455 bacchici,
922 1406 981 1441 non
995 1388 1072 1458 quod
1082 1386 1183 1441 Aooiur

216 1467 302 1528 poeta
316 1457 347 1508 in
365 1456 467 1508 bacchi
485 1455 575 1509 tutela
587 1464 658 1523 erat,
678 1456 733 1508 vid.
755 1458 851 1509 Horat
869 1475 913 1526 ep.
929 1457 979 1511 lib.
991 1462 1026 1525 11,
1043 1466 1070 1518 2.
1083 1471 1127 1510 vr.
1141 1456 1182 1513 78-

216 1531 284 1581 Rite
298 1528 381 1579 client
394 1528 507 1589 Bocchi,
520 1544 612 1578 somno
625 1528 774 1596 gaudentii
788 1541 816 1580 et
829 1530 930 1594 umbra,
946 1526 995 1579 sed
1009 1526 1076 1609 «piria
1086 1526 1183 1596 furore

215 1594 330 1716 poetico
345 1597 487 1657 carmine,
506 1609 595 1661 eaque
608 1602 720 1646 tumore
736 1593 897 1663 plenissima
911 1596 1045 1649 condid1t.
1072 1594 1183 1648 Idcirco

230 1673 336 1716 ortesse
349 1663 453 1716 rectius
465 1661 601 1729 scriptum
614 1671 655 1713 est
665 1668 788 1729 Bryeaei,
799 1665 876 1716 cuius
888 1664 1024 1735 originem
1035 1665 1065 1716 in
1117 1678 1183 1717 aeon

216 1730 313 1804 βρύειν
331 1748 450 1797 scatere,
472 1733 621 1801 pullulare,
636 1734 747 1800 plenum
760 1752 819 1784 ecce
838 1734 1008 1801 quaerimus,
1022 1734 1060 1789 cf.
1101 1740 1184 1787 erott.

217 1807 300 1857 Corn.
318 1818 381 1869 cop.
399 1817 463 1870 pag.
476 1800 537 1853 695.
556 1798 604 1852 lin.
624 1802 667 1854 57.
694 1804 788 1853 creur.
812 1800 936 1867 symbol.
961 1809 982 1855 t.
1005 1806 1051 1857 111.
1068 1821 1098 1871 p.
1124 1802 1184 1865 868,
1220 1829 1222 1848 t

217 1887 389 1991 quemqplam
410 1870 533 1921 alterum
549 1868 654 1921 Brisaei
675 1885 694 1920 a
714 1867 807 1921 verbio
825 1868 952 1922 eiusdem
971 1870 1065 1939 stirpis
1091 1872 1184 1947 (iplssu,
1220 1861 1222 1908 i

254 1942 309 1997 ι’θω
346 1939 479 1994 erivatur.

217 1941 252 2014 βρ
287 2011 333 2063 Vs.
349 2010 391 2064 86.
410 2016 555 2063 Doctae·
566 2007 612 2061 sic
630 2023 728 2061 omncs
747 2005 868 2060 codices.
893 2005 1071 2061 cmaubonua
1087 2016 1184 2064 tamen
1219 1963 1222 2064 i

219 2081 317 2135 doctus
336 2078 460 2131 malebat
478 2078 514 2131 ad
530 2080 624 2132 quen.
643 2080 699 2133 Sat.
712 2081 734 2142 Ι,
753 2077 800 2130 56.
815 2080 912 2129 doctus
923 2082 1049 2148 ipecrare
1061 2078 1184 2134 lacunar.
1218 2073 1222 2094 ⁴

288 2151 335 2203 Vs.
347 2151 389 2202 90.
435 2150 715 2217 ortes-Wagnerue
729 2144 851 2198 coniecit
884 2160 968 2212 ortae,
987 2144 1055 2214 quia
1066 2163 1115 2199 rer
1129 2164 1184 2200 non

219 2216 257 2270 eit
269 2216 386 2269 incerta.
427 2217 518 2267 ectior
532 2224 627 2267 temen
642 2213 842 2269 subiunctivua.
860 2167 923 2272 ilici.
939 2219 1009 2286 Aug.
1019 2216 1184 2271 Grotefend.

220 2288 321 2340 Mater.
340 2287 512 2339 Excurs.11.,
826 2325 830 2331 ,

291 2356 408 2406 Versum
421 2354 464 2406 92
476 2358 504 2402 et
515 2350 559 2405 93.
574 2349 668 2403 tribuo
682 2349 827 2415 monitori,
839 2349 885 2403 cui
899 2368 917 2403 a
928 2361 1013 2421 poeta
1024 2370 1092 2407 oum
1105 2352 1184 2407 dictir

221 2421 277 2476 auia
290 2421 325 2473 de
338 2419 495 2472 recentium
504 2427 651 2488 poetarum
665 2420 839 2487 praestantia
849 2421 956 2474 reiecto
969 2422 1040 2475 nihil
1051 2440 1083 2475 ru
1104 2431 1185 2493 creet,

221 2491 276 2545 uiri
286 2498 319 2542 ut
334 2507 433 2541 eorum
445 2505 577 2541 versuum
589 2488 737 2542 mollitiem
749 2496 778 2541 et
790 2490 1009 2543 concinnitatem
1023 2492 1071 2544 lau
1093 2492 1186 2547 etlu-

164 2576 167 2583 ·
223 2561 301 2615 circo
316 2559 399 2611 effert
405 2558 509 2610 exitum
517 2575 613 2612 vernus
626 2567 727 2628 poetae
735 2556 880 2612 cuiusdam
893 2559 943 2612 illo
955 2567 1087 2631 tempore
1098 2562 1186 2615 notit-

222 2629 302 2683 eimi:
320 2632 500 2697 Berecyntius
514 2632 604 2682 Attin.
626 2627 706 2680 Unde
723 2644 782 2681 uon
803 2639 878 2693 erat,
898 2628 974 2711 quod
989 2630 1137 2683 Meietemr
1157 2638 1186 2685 et

222 2698 364 2755 Pacuvius
379 2696 467 2750 verbo
493 2700 593 2752 didicit
614 2713 648 2751 ex
661 2696 722 2767 ipee
738 2696 792 2751 hac
808 2698 1007 2752 enunciatione
1026 2700 1186 2755 subiectum

222 2777 406 2840 quaererent:
426 2775 468 2820 eet
483 2774 568 2837 poeta
584 2766 648 2833 ille,
666 2767 729 2837 qui,
746 2784 828 2821 versu
848 2768 906 2820 eiua
921 2768 1036 2837 audito,
1054 2770 1186 2823 omnibu

222 2838 319 2893 etutim
335 2836 467 2891 innotuit.
494 2839 589 2891 crudis
605 2834 666 2889 noli
679 2852 745 2888 eum
759 2841 879 2891 nunceric
895 2838 1083 2910 coniungere,
1108 2837 1186 2910 quod

223 2906 387 2963 substantivi
397 2906 462 2959 loco
474 2905 635 2975 oppositum
647 2914 688 2959 est
700 2906 765 2959 voci
775 2923 815 2962 vs.
828 2908 872 2962 97.
890 2922 1004 2973 coetum,
1017 2916 1046 2960 et
1057 2910 1187 2965 carmine

223 2978 382 3057 siguificat,
397 2994 432 3101 ὦ
462 2992 478 3028 e
497 2983 529 3026 ut
544 2973 712 3055 imperfecta
732 2983 814 3027 antea
837 2974 1074 3047 vituperabantur.
1111 2980 1187 3033 uin

223 3048 332 3099 Persius
344 3064 383 3098 vs.
456 3044 603 3097 monitoria
616 3044 773 3097 orationem
784 3044 921 3098 intertum
943 3064 991 3100 ene
1001 3046 1105 3101 recitat
1116 3047 1186 3101 duor

225 3115 296 3167 alios
311 3114 434 3167 eiusdem
447 3122 557 3183 poetae,
575 3128 608 3165 ea
622 3113 735 3183 quidem
748 3114 823 3167 vocia
837 3115 905 3167 mod
951 3116 1037 3181 tione,
1053 3124 1089 3169 ut
1100 3116 1137 3171 ub
1151 3132 1186 3171 eo

224 3184 383 3247 rideantur,
400 3191 434 3234 ut
448 3183 568 3235 nimium
580 3183 675 3235 sonori
692 3192 722 3236 et
736 3182 856 3247 tumidi,
870 3185 986 3256 verique
998 3202 1134 3240 sensuum
1144 3184 1195 3252 vi-¹

226 3252 302 3324 gotis
314 3260 448 3321 expertes.
484 3254 546 3317 Qua
565 3252 600 3305 de
619 3268 650 3304 re
662 3253 787 3305 monitor
804 3252 963 3326 indignatur
980 3255 1105 3309 Aeneide
1122 3254 1187 3313 vir-

226 3322 296 3394 gilii,
314 3336 428 3373 carmen
442 3338 475 3375 ex
485 3329 580 3376 mente
589 3321 678 3374 Persii
688 3322 931 3391 perfectieeunum,
944 3324 1051 3393 obiicit,
1063 3342 1185 3395 percun-

227 3400 321 3461 ctant,
344 3410 433 3447 nonne
457 3396 509 3449 lroc
532 3395 618 3451 etiem
637 3412 790 3469 spumosum
813 3408 843 3450 er
864 3397 965 3453 cortice
980 3398 1108 3469 pingui?
1134 3392 1184 3459 Cui
