2454 4110
113 292 184 359 aa
235 278 244 377 J
286 248 289 253 ’

251 436 330 495 aur.
543 428 549 441 ’
614 439 678 491 coa.
692 441 817 496 mae
830 442 936 498 cumn.

144 552 185 603 10.
204 548 241 595 et.
473 554 509 591 ac
519 538 730 596 Wi1n.Chemn.
750 566 777 583 ·-

143 621 184 673 12.
202 625 275 665 aum.
476 626 543 661 cum
561 611 648 663 Wim.

159 690 201 743 16.
217 675 400 747 sardonyche.
475 678 630 749 sardonyce
645 678 760 735 Chemn.

157 759 199 812 18.
219 747 367 801 conlueris.
475 744 597 801 coluerit
607 748 693 811 Witn.
707 748 839 803 colluerit
850 749 966 805 Chemn.

156 828 200 881 21.
219 814 441 886 scalpunturubi
473 815 604 887 scalpunt
623 818 674 871 ubi
687 820 772 876 Wim.

156 918 192 929 -
216 876 326 941 intinia.
439 900 442 905 ⁴
474 888 557 938 Corte
574 886 666 939 addin
683 891 782 963 anlag.
795 892 919 963 inguina.

157 966 203 1021 22.
221 956 305 1010 Tun'.
441 1006 445 1013 ,
473 956 518 1007 Tu
530 955 616 1007 Wim.
902 966 916 1006 ,·

77 1044 100 1069 ·-
156 1037 200 1089 24.
218 1029 281 1089 Quo
294 1022 378 1077 didio.
474 1022 549 1089 Quid
562 1022 645 1078 didio.
660 1026 745 1080 Wim.
757 1022 791 1080 'et
806 1027 919 1081 Chenut.

155 1123 192 1139 -
215 1094 399 1147 fermentum.
475 1095 557 1147 Corte
570 1095 704 1177 proponit
714 1097 903 1153 frumentum.

156 1173 201 1227 60.
217 1164 330 1234 pendes.
473 1163 580 1233 pendes
594 1168 680 1221 Wun.
696 1175 725 1219 et
738 1168 853 1221 Chemn.

156 1243 201 1299 34.
217 1233 370 1315 Pliyllidae,
384 1232 441 1301 Hy·
473 1232 616 1303 Phylidaa,
632 1236 797 1307 Hysiphylaa
809 1236 923 1289 (iheum.

155 1400 191 1420 .-
206 1304 527 1498 {gffiagitpliiiiiiiefi
540 1371 679 1493 quid3ssic
687 1373 842 1430 Priscianus
847 1376 918 1431 vul.
931 1372 1026 1431 atus,
1034 1371 1088 1429 eiu

232 1459 317 1495 anum
543 1459 566 1493 n
618 1459 649 1493 1.

155 1519 200 1576 35.
219 1521 257 1565 et.
372 1457 391 1510 p
472 1526 506 1563 ac
517 1459 735 1565 ’Witiiilchemn

154 1590 199 1645 37.
216 1578 362 1649 imprimit.
473 1579 620 1649 imprimat
633 1581 719 1634 Wim.

37 1732 40 1737 ν
155 1658 199 1717 69.
236 1650 438 1721 fortunataque
473 1648 508 1703 de
522 1649 721 1720 fortunataque
734 1648 757 1704 f.
773 1650 887 1709 Chemn.

207 1719 313 1776 favilla.

154 1798 200 1852 46.
216 1790 284 1843 hoc.
448 1804 454 1814 ·
470 1785 542 1838 haec
556 1784 670 1839 Chemu.

155 1866 198 1919 50.
216 1858 302 1911 habet
315 1884 352 1901 -
369 1854 437 1912 atti.
470 1854 670 1908 hahentWim.
684 1852 813 1908 hahet·
826 1856 894 1911 Acci
906 1857 1028 1914 Chemn.

153 1936 199 1990 51.
217 1927 345 2000 elegidia.
471 1923 584 1995 eligidia
602 1924 716 1978 Chemn.

153 2006 198 2060 58.
214 1998 309 2068 pinsit.
469 1994 560 2065 pinxit
569 1994 683 2049 chemn.

154 2077 198 2130 00.
215 2075 329 2120 tantae.
469 2072 582 2117 tantum
594 2064 710 2118 Chemn.
769 2074 775 2083 '

72 2168 76 2173 ·
154 2146 197 2200 61.
213 2137 266 2191 iua.
470 2132 513 2187 tas
535 2134 566 2185 in
589 2134 718 2204 margine
741 2148 796 2205 pro
820 2132 911 2189 altera
929 2133 1060 2189 lectione
1077 2135 1088 2189 i

504 2202 590 2255 Wim.
605 2210 633 2254 et
647 2203 762 2259 Chemn.

153 2282 197 2337 611.
256 2275 280 2326 is
292 2272 406 2327 enim?-
511 2271 538 2323 'd
550 2271 646 2323 enimi
659 2272 744 2327 Wim.

153 2353 198 2405 66.
237 2344 327 2413 'rigat
494 2340 596 2409 'rragat
612 2339 699 2391 Wim.

153 2420 197 2473 69.
216 2413 358 2463 docemur.
468 2406 595 2459 videmus
609 2408 694 2463 Wim.
707 2416 736 2461 et
748 2408 864 2469 Chemn.

152 2488 197 2544 72.
215 2480 324 2534 Parilia.
469 2475 567 2530 Palilia
580 2478 665 2530 Wim.
679 2485 708 2530 et
722 2478 836 2534 Ghemn.

152 2558 199 2613 74.
216 2550 393 2603 dictatorem.
445 2576 449 2582 ·
470 2545 640 2598 dictaturam
652 2548 770 2602 Chemn.

152 2628 196 2683 75.
213 2629 272 2677 tua.
469 2617 515 2669 cui
525 2616 610 2670 Wim.
625 2616 667 2668 tui
681 2617 795 2670 Chemn.

151 2697 197 2753 76.
217 2687 304 2742 Accii.
469 2684 526 2739 Atti
539 2685 624 2740 Wim.
637 2685 705 2739 Acci
719 2687 833 2741 Chemn.

151 2766 197 2823 87.
214 2759 271 2813 hoc
284 2754 412 2810 bellum?
466 2752 574 2808 bellum
588 2763 631 2807 eat
644 2755 760 2817 Chemn.

153 2837 197 2891 89.
215 2836 320 2882 cantas.
471 2832 608 2877 etcantaa
620 2826 708 2878 Wim.
860 2826 863 2831 ’

151 2906 197 2961 96.
205 2897 433 2965 versum-Atye.
465 2920 501 2935 -
514 2894 584 2946 Attis
599 2895 684 2948 Wim.
699 2911 796 2949 venua
809 2924 842 2937 -
851 2894 967 2950 charnu.

151 2976 195 3031 96.
212 2982 383 3039 spumosum.
465 2964 610 3033 spinosum
623 2964 738 3020 Chemn.

151 3046 195 3099 98.
214 3048 242 3091 et
258 3037 328 3090 laxa.
466 3033 530 3086 laxa
545 3033 659 3090 Chemn.

153 3134 187 3147 -
211 3106 371 3177 legendum.
466 3132 502 3145 -
518 3103 671 3174 legendum
684 3101 851 3158 estchemn.

137 3185 196 3238 100.
213 3184 336 3256 raptum.
466 3181 575 3226 sectum
590 3173 676 3226 Wim.

135 3254 195 3307 102.
211 3246 307 3297 Eiron.
465 3242 583 3310 Euhyon
594 3243 681 3295 Wim.
697 3240 824 3294 Euchion
838 3242 954 3296 Ghemn.

141 3342 176 3355 -
208 3313 335 3367 adsonat.
466 3312 584 3366 absonat
597 3311 711 3364 Ghemn.

135 3390 197 3449 109.
213 3398 278 3457 pare
290 3382 357 3436 ulla.
421 3410 432 3419 ··
466 3399 539 3439 vena
551 3378 612 3437 ulta
624 3380 709 3437 Wim.
723 3387 752 3434 et
765 3379 879 3434 Chemn.
