2454 4110
130 216 298 324 ros

224 409 334 463 Schreu·

132 486 177 541 70.
194 492 315 556 puppas.
335 543 342 555 ἢ

131 553 176 609 73.
192 562 281 597 1us-
297 559 400 597 ammo.

133 622 187 678 75.
197 615 373 669 admoveant.

134 714 169 726 -
201 683 299 739 litabo.

155 997 181 1050 2.
203 983 333 1049 extentflt.

155 1067 182 1119 9.
198 1056 309 1117 credes.

136 1136 179 1189 10.
199 1124 255 1178 bic.
266 1121 373 1193 positis.

136 1204 179 1256 12,
198 1197 286 1248 Tunc.

135 1293 171 1305 -
191 1272 219 1316 et
232 1271 274 1323 14.
282 1259 435 1330 querimur.

137 1342 180 1394 15.
201 1330 330 1384 huccine.

136 1410 180 1463 16.
200 1398 436 1453 aut-columbo.

135 1479 180 1538 26.
201 1468 305 1538 petella
319 1476 369 1519 est.

136 1547 180 1598 27.
200 1541 269 1589 Hoc.

136 1614 181 1666 29.
202 1607 395 1658 Censoremne.

136 1681 181 1734 32.
202 1675 257 1727 Sed
271 1673 386 1726 -vitio

136 1749 181 1802 33.
203 1744 270 1796 alto.

137 1818 181 1872 34.
202 1827 307 1866 rursus.

136 1887 181 1940 44.
201 1881 354 1952 tingebam.

135 1955 180 2011 45.
200 1947 437 2003 morituro-Ga-

206 2019 277 2072 toni.

137 2095 182 2149 46.
202 2090 312 2140 Dicere.

138 2165 182 2219 46.
204 2175 262 2210 non
272 2171 350 2208 seno.

139 2233 183 2288 52.
206 2225 390 2295 deprendere.

139 2304 182 2356 60.
204 2296 234 2348 in
249 2292 335 2363 quod.

139 2371 183 2424 ⁶2·
203 2379 275 2443 rs.
385 2426 391 2440 .

139 2440 183 2494 66.
202 2435 306 2485 Discite
320 2443 337 2481 o
351 2442 439 2481 mise-

209 2501 250 2565 ri,
272 2506 308 2551 et.

139 2598 175 2700 ᾗ
201 2567 380 2709 stertit

140 2709 184 2768 68.
205 2725 261 2779 qua
277 2707 387 2759 mollis:

140 2783 184 2837 73.
204 2795 258 2830 nec
272 2774 405 2828 invideas.

139 2853 184 2907 74.
204 2862 289 2916 penu.

140 2915 184 2977 78.
205 2912 281 2985 quod
298 2912 375 2982 sapio
396 2927 439 2964 sa·

209 2985 245 3036 tis
257 2990 298 3036 est
311 2981 390 3035 mihi.

141 3058 184 3115 80.
203 3053 330 3123 figentes.

142 3129 185 3180 81.
206 3119 320 3174 rodunt.

142 3196 186 3250 84.
206 3188 293 3241 nihilo
301 3187 421 3243 nihilum

142 3266 186 3318 89.
209 3266 364 3326 exsuperat.

142 3335 187 3388 90.
206 3327 302 3379 iussus.

143 3403 186 3458 98.
205 3393 378 3450 surrentina.

590 404 664 459 cod.
679 405 763 460 Wim.
775 418 803 459 et
819 405 928 462 Glisma.

464 489 556 555 pupae
573 473 659 528 Wim.

464 560 508 596 sus
519 571 552 583 -
565 541 651 594 animi
664 541 750 596 Wim.
762 557 810 594 rus
824 567 859 580 —
872 543 969 597 animo
980 544 1065 597 Cheru

464 620 497 663 ut
516 609 683 664 admoveam
692 611 779 667 Wim.
795 611 964 667 admoveam
979 613 1065 669 chem

454 681 552 739 <libato
565 680 651 736 Wim.

472 850 650 913 SATIRA
691 852 759 914 ΙΙΙ.

467 982 588 1037 ostendit
601 981 686 1037 Wim.
702 991 732 1036 et
744 982 859 1040 Chemn.

468 1052 545 1105 dices
557 1052 643 1105 Wim.
671 1048 677 1065 ''

467 1122 551 1190 posit.
562 1121 674 1187 bicolor
684 1121 800 1178 Chemn.

468 1192 542 1242 Dum
552 1190 638 1244 Wim.
651 1193 726 1244 'Itum
741 1192 856 1247 Chemn.

469 1258 597 1328 queritur
609 1258 724 1314 Chemn.

468 1328 589 1380 hoccine
601 1329 687 1384 Wim.
837 1364 844 1373 ι
1038 1362 1044 1367 -

469 1397 603 1466 palumbo
617 1399 705 1451 Wim.
720 1404 749 1448 ut
760 1423 795 1434 -
808 1396 863 1448 col.
879 1396 997 1451 Chemn.

468 1466 574 1535 patella
584 1465 669 1520 Wim.
682 1473 711 1519 et
725 1465 841 1521 (iheum.

469 1536 546 1587 Haeo
559 1533 674 1590 Ghentn.
725 1547 727 1551 ·
987 1576 990 1580 -

471 1604 654 1657 censoremve
666 1602 752 1658 Wim.
764 1610 793 1655 et
806 1601 922 1663 chemn.

470 1673 499 1724 si
510 1700 546 1711 —
556 1672 655 1724 vitium
670 1671 784 1728 choma.

470 1739 526 1791 alte
542 1741 627 1792 Wim.

469 1825 581 1860 rursum
595 1808 682 1873 Wim.

469 1879 620 1948 tangebam
634 1876 720 1937 Wim.
737 1886 766 1931 et
782 1877 899 1931 Chemn.

470 1947 644 2000 morituri-
659 1946 770 2000 Catonis
781 1947 867 2002 Wim.
883 1955 914 2000 et
930 1949 1049 2005 Chemn.

470 2085 584 2138 Discere
596 2084 683 2141 Wim.
699 2094 728 2139 et
743 2086 857 2145 chemn.

472 2163 502 2206 et
517 2156 623 2206 insano.
638 2155 721 2206 Wim.
737 2164 767 2205 et
779 2156 895 2208 Chemn.

474 2222 684 2293 deprehendere
696 2222 781 2278 Wim.

471 2291 572 2359 inquo
588 2292 675 2345 Wim.
690 2300 719 2343 et
733 2290 849 2348 chemn.

473 2374 535 2427 spes
549 2358 635 2417 Wim.
710 2380 737 2429 ῃ

472 2426 579 2481 Discite
592 2436 649 2481 eto
662 2428 723 2483 mis.
735 2446 844 2485 caussas
857 2428 941 2488 Wim.

475 2570 646 2638 cognoscere
666 2569 780 2624 Chemn.
840 2618 843 2623 .

475 2646 525 2688 aut
541 2636 675 2707 quidnam
687 2640 773 2692 Wim.
789 2647 818 2692 et
831 2638 945 2693 Chemn.

475 2723 560 2775 quum
575 2707 668 2759 mollis
684 2708 796 2761 Chemn.
885 2746 889 2752 .

472 2791 565 2845 neque
578 2776 702 2830 invideas
714 2777 798 2831 Wim.
811 2785 841 2830 et
853 2776 973 2831 Chemn.

473 2860 546 2913 peno
564 2845 649 2897 Wim.

474 2914 625 2983 qucdsatis
639 2923 680 2968 est
686 2914 763 2986 sapio
773 2915 843 2969 mihi
853 2915 939 2974 Wim.
950 2916 1065 2975 eschen

475 3049 613 3122 fingentes
628 3053 742 3110 Chemn.

474 3120 599 3189 produnt
610 3126 664 3178 MS.
678 3122 796 3180 Pithoei.

475 3188 564 3242 nihilo
579 3191 649 3243 nihil
664 3193 749 3248 Wim.
763 3201 792 3247 et
805 3192 921 3246 Chemn.

476 3259 611 3311 exuberat
623 3261 708 3317 Wim.

424 3336 428 3341 ”
474 3326 563 3379 iussus
574 3337 622 3380 est.

475 3398 599 3467 Syrrent.
610 3398 697 3455 Wim.
709 3398 808 3458 Sirent.
821 3397 936 3453 Chemn.
1021 3408 1028 3417 '
