2414 4140
337 215 710 275 ANNOTA'HONES·
961 223 1003 287 29

372 380 610 457 sarius
651 365 678 431 I.

111 516 158 571 Vs.
172 518 197 571 1.
215 518 292 570 Haec
305 517 393 570 satira
406 535 464 570 non
475 520 553 588 prius
563 518 667 591 dialogi
677 519 801 572 formam
810 520 910 589 induit,
917 540 1003 592 quam

36 584 91 639 illo
104 602 187 637 versu
206 592 333 661 Quisquis
347 608 391 653 ea,
409 609 425 642 0
446 592 524 642 modo
545 610 624 661 quem
641 610 674 643 ex
692 592 808 643 adverso
826 595 915 645 dicere
925 595 1003 664 feci:

80 654 90 706 i
104 672 200 731 versus
212 666 277 708 ante
289 656 432 727 leguntur,
440 657 534 710 tribuo
545 658 597 710 soli
603 658 706 725 Persic,
720 674 817 710 secum
828 659 1003 729 deliberanti,

60 725 152 791 abeat,
169 741 224 778 nec
234 742 280 793 ne,
293 727 392 778 satiras
403 728 541 779 scribere:
558 727 634 798 quod
647 727 760 797 quidem
771 728 812 781 ita
826 729 954 795 instituit,
970 740 1004 783 ut

36 793 242 864 interrogando
254 796 364 866 sibique
380 796 575 871 respondendo
593 797 670 868 astigi
689 796 725 849 de
738 797 792 850 bac
809 814 841 850 re
859 798 1003 865 iudicium,

38 862 119 933 quod
136 864 252 934 incepto
270 882 320 917 suo
338 868 498 934 oppositum
516 866 566 930 sit,
592 866 699 918 diluere
713 866 832 923 studeat.
866 869 1004 935 Abreptus

37 940 135 984 autem
148 935 250 985 mentis
262 928 406 989 alacritate
419 944 448 988 et
457 936 554 988 furore
569 938 681 1005 poetico
692 936 807 990 tandem
822 954 856 990 eo
866 938 1004 1007 pertenit,

36 1011 72 1055 ut
90 1002 236 1073 ingenium
253 1005 368 1071 aetatis,
387 1005 431 1057 cui
451 1005 627 1073 adversatur,
645 1006 812 1074 inspeciem
833 1015 861 1059 et
880 1008 1005 1059 formam

37 1079 260 1125 transmutatum
275 1074 328 1125 sibi
345 1074 439 1125 adesse
454 1083 482 1125 et
498 1091 592 1126 secum
605 1074 730 1145 colloqui
741 1076 838 1146 fingat.
871 1076 913 1127 Ad
928 1076 1004 1144 quod

39 1141 217 1211 colloquium
229 1143 362 1194 transitus
376 1143 409 1193 fit
423 1159 505 1197 versu
516 1143 569 1207 40..
587 1143 636 1195 ubi
650 1148 692 1197 ait
705 1145 838 1211 occurrit,
858 1143 934 1214 quod
946 1161 1004 1197 non
1093 1153 1096 1161 ⁴

37 1211 78 1265 ad
92 1228 183 1265 unum
192 1212 333 1279 refertur,
351 1205 489 1282 sed'quod
502 1212 532 1263 in
545 1212 707 1265 universum
722 1213 829 1266 dictum
843 1223 892 1267 est.

110 1300 157 1352 Vs.
178 1300 203 1353 6.
228 1319 393 1373 examenque
407 1300 592 1351 —Gesnerus
613 1300 641 1351 in
662 1300 793 1354 lexicos.
812 1317 839 1356 v.
866 1303 1005 1371 castigarc

36 1368 181 1421 “Examen
194 1369 346 1451 castigare,
364 1368 469 1438 inquit,
488 1378 530 1421 est
540 1367 659 1440 ligulam
671 1370 768 1437 illam,
786 1369 864 1423 cuius
877 1385 1006 1421 momen·

37 1436 77 1491 tis
99 1437 208 1508 pondus
232 1438 352 1508 erigitur
372 1446 400 1489 et
412 1438 611 1510 investigatur,
630 1440 666 1493 ad
677 1440 803 1511 quietem
814 1437 958 1508 redigere,
977 1447 1006 1490 et

37 1506 119 1561 velut
134 1524 331 1577 compescere,
351 1523 407 1588 qno
420 1507 497 1560 facto
511 1508 619 1577 pondus
632 1509 819 1585 cognoscitur.
853 1509 936 1559 Vetat
952 1508 1005 1579 igi-

37 1585 89 1630 tur
108 1576 244 1629 iudicium
263 1576 362 1646 poptdr
381 1578 460 1647 sequi
479 1585 508 1628 et
526 1575 602 1628 illius
615 1578 693 1631 velut
711 1577 817 1630 trutina
828 1576 906 1632 uti.²⁷
927 1580 1003 1629 ·Non

38 1644 137 1698 differt
154 1646 189 1698 ab
204 1647 258 1699 hac
276 1645 372 1698 Orellii
386 1645 536 1727 expositio:
556 1648 684 1716 “popelli
699 1646 871 1717 ponderibus
882 1661 926 1697 res
942 1663 1004 1698 exa-

36 1716 150 1769 minare
169 1716 245 1785 noli,
270 1732 367 1768 verum
386 1715 441 1768 ilhs
462 1714 629 1784 posthabitis
643 1718 698 1768 tuis
717 1717 809 1787 potius
829 1719 936 1779 utere,'’
953 1714 1006 1766 nisi

81 1784 118 1837 od
128 1784 176 1837 hic
194 1783 349 1854 particulae
367 1805 429 1865 que,
447 1784 512 1855 quia
523 1806 579 1839 non
592 1785 741 1853 antecedit,
753 1786 811 1838 vim
825 1783 945 1855 negandi
955 1784 1006 1835 tri-

36 1802 118 1921 ddit,
134 1853 183 1906 ille
205 1863 300 1906 autem
319 1876 353 1907 ve
365 1871 395 1905 ru
408 1853 613 1906 recentioribus
634 1855 713 1907 libris
732 1854 876 1905 inventam
896 1853 1007 1906 retinet.

36 1924 150 1978 Primus
171 1944 223 1995 que
243 1940 275 1974 ex
293 1921 498 1991 antiquioribus
518 1922 597 1973 libris
609 1922 753 1974 Passovius
772 1921 897 1984 reduxit,
922 1930 1007 1989 atque

37 2010 107 2049 eam
119 2008 178 2043 non
190 2000 319 2057 repetere
336 1990 530 2056 negationem,
548 1988 598 2037 sed
611 2004 664 2054 per
677 2004 708 2039 se
723 2002 782 2038 essa
795 1988 1006 2055 percipiendam

36 2068 122 2121 recte
135 2056 286 2111 contendit
303 2054 377 2109 Illud
390 2054 467 2107 enim
479 2054 501 2107 si
513 2062 690 2122 statueretur,
708 2058 845 2138 castigare
856 2055 913 2106 vim
927 2072 1007 2108 suam

37 2127 205 2199 corrigendi
221 2125 371 2193 amitteret,
391 2132 420 2177 et
430 2122 508 2175 nulla
519 2130 668 2193 praeterea
681 2124 757 2177 vocis
772 2126 920 2196 improbum
930 2125 1003 2178 ratio

37 2198 141 2256 habita
165 2204 245 2265 esset.
279 2193 424 2248 Sententia
440 2193 511 2246 haec
537 2200 593 2246 est:
620 2196 714 2259 Quum
731 2201 866 2263 corrupto
885 2194 1007 2265 populus

38 2262 185 2325 Romanui
197 2264 299 2318 iudicio
315 2264 365 2331 sit,
383 2264 406 2315 si
422 2262 460 2315 ali
500 2278 547 2315 em
557 2262 687 2315 extulerit
698 2271 728 2317 et
739 2263 875 2330 laudarit,
892 2263 949 2316 eius
962 2264 1006 2317 iu·

10 2376 12 2381 -
39 2338 117 2393 dicio
130 2354 187 2389 non
202 2335 335 2403 accedas,
351 2335 466 2405 ipseque
488 2333 614 2413 inquam,
625 2350 699 2403 quae
713 2333 743 2385 in
758 2332 888 2403 populari
901 2334 1007 2387 tmtina

39 2408 128 2463 fallax
142 2414 198 2472 est,
219 2421 366 2469 coerceas,
386 2412 414 2456 et
426 2419 511 2473 quam
523 2419 553 2454 m
566 2411 676 2470 partem
690 2420 724 2456 ea
734 2419 783 2456 ver
820 2411 848 2468 t,
867 2402 1006 2457 observes.

40 2481 89 2534 Ita
98 2476 171 2528 haec
181 2475 267 2528 verba
279 2474 336 2526 iam
350 2472 579 2525 Bartholomaeus
591 2471 704 2523 Fontius
715 2471 774 2523 inte
798 2472 868 2535 exit,
888 2480 918 2525 et
935 2471 1007 2543 opti·
1044 2524 1047 2530 ,

40 2564 91 2604 me
103 2554 168 2601 ante
180 2542 339 2597 Passovium
349 2560 375 2596 v.
391 2544 498 2596 elevare
509 2541 707 2615 interpretatus
724 2548 775 2594 est.
927 2552 932 2559 ·

112 2634 159 2687 Vs.
170 2634 196 2687 8.
213 2632 259 2685 At
271 2629 356 2699 sifus
368 2624 639 2695 dicere-Aa‚qucd
651 2640 748 2677 omnes
760 2623 945 2678 ferecodices
956 2624 1007 2677 ba·

40 2704 130 2769 luent,
148 2719 206 2754 non
223 2698 373 2751 ferendum
392 2704 441 2751 est.
475 2692 574 2745 Melius
596 2702 637 2747 est
660 2708 700 2762 at,
724 2691 802 2764 qnod
820 2693 960 2746 Passcrins
978 2703 1008 2746 et
1063 2729 1066 2733 -

42 2772 164 2827 Orellius
177 2786 210 2822 ex
222 2767 305 2822 codd.
322 2775 352 2819 et
363 2764 443 2817 editt.
461 2761 583 2833 antiquis
599 2779 666 2815 rece
686 2770 785 2829 erunt,
801 2761 850 2815 aad
869 2761 1008 2830 porticula

41 2848 195 2912 ‘ququam
209 2837 315 2890 Reizius
328 2852 386 2888 non
399 2850 432 2886 ex
444 2831 606 2885 coniectura
618 2830 652 2884 de
672 2830 704 2897 it',
721 2839 808 2884 exstat
822 2830 897 2883 enim
909 2830 1007 2883 iamin

41 2910 146 2966 Asterii
159 2906 255 2961 Manlii
268 2902 423 2957 Parmensis
444 2900 511 2955 edit.
529 2904 584 2954 Sat·
599 2903 613 2954 Ι
626 2909 655 2953 et
666 2902 705 2966 11,
729 2909 756 2953 et
770 2908 839 2952 teste
855 2900 1007 2956 Casaubon.

41 2983 75 3037 in
96 2981 157 3031 aliis
172 2977 261 3041 libris,
271 2974 345 3030 esth.
360 2973 379 3028 l.
396 2971 490 3024 animo
502 2980 602 3039 poetae
618 2969 755 3023 aestuanti
768 2977 798 3021 et
817 2968 940 3040 graviter
958 2968 1006 3023 fe-

41 3049 136 3114 renti,
155 3046 231 3117 qnod
244 3044 342 3095 satiras
354 3041 408 3094 sihi
429 3038 552 3095 scribere
569 3056 627 3093 non
641 3039 739 3109 liceat,
764 3037 914 3111 aptissima.
945 3039 1007 3095 vid.

42 3125 133 3175 Aster.
150 3114 236 3168 Manl.
252 3120 437 3167 commentar.

116 3201 166 3258 vs.
179 3204 220 3256 12.
239 3203 295 3255 Sed
306 3221 365 3254 sum
376 3196 624 3281 petulanti'splene
642 3197 782 3279 ambiano.
814 3198 852 3249 Ut
862 3194 1006 3278 bleistems

42 3268 223 3395 diffidi
235 3269 671 3411 t‘lttgnt‘ddltttltit
690 3267 846 3336 ⁶“⁰'”'‘'‘⁰''
868 3274 909 3319 m
921 3274 1006 3318 ‘mm
