2454 4110
135 307 177 372 50
426 264 796 369 annorlrronas.
837 310 841 325 ·

136 464 252 522 otasset,
270 455 418 508 miseretet
435 453 565 523 profecto
587 470 641 506 nos
661 455 734 520 eius,
750 454 852 507 talium
872 453 1023 509 nominum
1047 454 1094 508 in·

134 525 267 588 ventoris,
282 542 336 577 nec
351 525 443 575 minus
456 523 795 594 pusillussatirographus
807 523 950 576 nominari
968 541 1094 577 merere·

134 603 196 657 tur,
214 593 236 644 si
255 593 323 645 licto
344 592 458 644 nomine
473 593 593 647 Vectidii
612 610 645 644 ea
657 593 691 645 de
710 610 793 645 causa
807 609 871 645 usus
883 593 997 658 luisset,
1017 592 1115 663 quod·

134 661 273 730 Claudius,
291 661 445 730 poplitibus
457 661 662 729 minus'firmis,
680 661 836 731 plurimum
848 670 897 714 aut
908 678 996 715 curru
1011 662 1095 715 veha-

134 740 228 796 retur,
247 740 296 782 aut
308 730 419 786 lectica.

204 802 291 851 Porro
307 799 449 868 quomodo
461 797 574 849 sordida
584 797 634 849 illa
651 797 766 850 avaritia
775 808 873 869 ,quae
886 799 913 854 b.
926 796 946 854 l.
963 798 1093 852 Vectidio

134 867 276 933 tribuitur,
295 868 427 923 convenit
444 867 567 929 Claudio,
587 867 632 919 cui
651 867 788 918 eiusmodi
803 869 903 928 vitium
917 867 1003 936 plane
1016 867 1095 941 inco,

155 937 246 988 nitum
262 936 340 987 erat?
357 935 487 987 Profecto
503 934 589 985 nimia
603 951 668 986 curn
681 936 833 988 subtilitate
848 945 877 988 et
894 936 987 989 dicam
1001 936 1093 989 incre-
1125 978 1127 985 .

134 955 216 1058 dibili
229 1005 383 1057 calliditate
396 1005 425 1054 in
437 1003 491 1054 bac
504 1019 535 1053 re
551 1003 714 1073 explicanda
726 1004 870 1057 Meisterus
882 1015 1021 1060 versatur.
1050 1005 1093 1058 l'd·

135 1074 212 1127 circo
224 1073 299 1126 istud
311 1071 495 1142 opprobrium
503 1071 610 1123 Caesen
625 1072 759 1124 defimcto
774 1074 899 1126 Persium
910 1074 1015 1127 fecisse
1029 1090 1091 1127 cen·
1125 1108 1127 1115 ·

134 1152 191 1206 set,
208 1150 240 1194 ut
259 1142 367 1195 ironice
384 1149 704 1211 premerettaxatorum
720 1141 826 1194 Claudii
845 1144 962 1214 vestigia
999 1143 1090 1213 eisque

132 1211 218 1265 tacite
237 1209 375 1264 indicaret
394 1227 460 1263 cum
480 1209 672 1277 cavillatione,
691 1228 776 1280 quam
795 1181 999 1281 prodigioselt
1018 1202 1089 1265 ltere
1125 1262 1127 1267 .

134 1289 163 1332 et
175 1280 330 1348 pravissimi
344 1280 447 1349 quique
459 1280 598 1331 auxissent
605 1279 713 1331 Claudii
726 1279 864 1333 dedecora
876 1284 1039 1333 etc.Nonne
1049 1290 1089 1333 ta·
1125 1290 1127 1297 '

132 1366 199 1401 men
212 1348 242 1399 id
255 1349 356 1401 insulse
373 1367 389 1399 a
403 1356 485 1415 poeta
498 1346 608 1400 factum
624 1347 713 1399 esset?
732 1350 812 1400 Certe
829 1349 936 1400 Claudii
952 1351 1087 1416 irrisores,
1125 1378 1127 1385 ·

133 1417 158 1469 si
176 1422 297 1470 Senecae
312 1414 571 1471 ἀποκολοκύντωσιν
588 1424 617 1468 et
635 1432 708 1485 quae
722 1417 867 1469 Suetonius
887 1418 921 1470 de
936 1421 1049 1471 Nerone
1064 1435 1087 1469 c.

132 1485 176 1538 35.
201 1495 311 1550 narrat,
335 1485 557 1552 consideramus,
581 1484 612 1538 in
636 1484 790 1538 calumniis
804 1486 976 1540 inveniendis
1000 1486 1087 1541 multu

132 1553 285 1605 facetiores
298 1560 387 1604 erant.

201 1620 300 1677 Vani.
319 1621 391 1673 Citat
402 1618 477 1673 hunc
491 1623 704 1674 versumPetrus
712 1623 846 1675 Blesensis
859 1623 953 1692 ep.45.
972 1626 1087 1678 “Teme-

64 1702 67 1708 ·
132 1689 240 1743 ratium
261 1683 319 1755 est}
333 1689 357 1741 si
373 1698 455 1741 tuum
475 1688 609 1741 delictum
622 1691 779 1742 dissimulas
798 1700 826 1742 et
836 1693 942 1744 iudicas
955 1693 1086 1747 alienum.

131 1759 257 1811 Verbum
268 1757 378 1810 satirici
392 1765 448 1809 est:
470 1762 508 1810 vt
520 1778 595 1811 neruo
607 1762 637 1810 in
646 1780 704 1812 sese
717 1762 875 1814 descendere
889 1777 1085 1831 tentamento:

132 1831 180 1882 sed
190 1830 367 1901 praecedenti
378 1840 517 1898 spectatur
532 1829 652 1879 mantica
664 1831 769 1898 tergo.'’
793 1851 796 1855 ¹
857 1856 860 1863 ·
1084 1864 1092 1873 ·

203 1897 247 1950 Vs.
265 1894 393 1950 33-87.
415 1893 588 1961 Facultates,
607 1911 679 1964 quae
697 1895 726 1947 b.
747 1894 767 1946 l.
793 1895 1008 1966 describuntur,
1034 1916 1085 1953 non

133 1962 262 2018 modain
280 1965 423 2016 Neronem
437 1961 590 2031 quadrant,
608 1963 657 2014 sed
670 1963 783 2016 omnino
797 1964 910 2015 illorum
927 1973 1086 2035 temporum

132 2032 299 2102 turpitudini
316 2031 495 2085 conveniunt.
523 2030 608 2084 Nulla
621 2040 674 2097 est,
693 2049 764 2102 quae
782 2049 841 2085 non
860 2033 959 2086 eadem
981 2036 1018 2088 de
1032 2036 1085 2089 aliis

132 2102 208 2169 apud
222 2102 349 2154 satiricos
364 2101 527 2172 scriptores,
544 2100 620 2170 apud
637 2101 809 2170 Martialem,
827 2102 989 2157 Petronium
1008 2104 1086 2159 alios·

132 2186 188 2240 qua
200 2169 369 2223 inveniatur.
417 2203 420 2209 -
538 2193 541 2202 ·
1113 2178 1116 2185 '

120 2297 125 2306 Ι
201 2239 248 2289 Vs.
261 2238 305 2291 37.
334 2242 375 2290 Tu
395 2257 476 2307 quum
490 2240 609 2292 maxillis
628 2241 788 2294 balanatum
804 2259 927 2312 gausape
943 2214 1042 2313 pectas
1054 2268 1085 2283 ·-

133 2303 286 2356 Laudanda
303 2312 344 2357 est
363 2303 448 2356 docta
470 2306 587 2355 Gesneri
607 2306 728 2359 brevitas
753 2308 784 2358 in
801 2309 891 2361 lexico
911 2325 934 2361 s.
978 2330 1084 2382 aucupe.

132 2378 298 2443 “Gousope,
329 2387 381 2439 pro
415 2371 505 2424 barba
535 2372 643 2424 hirsuta
672 2383 700 2426 et
721 2375 832 2442 prolixa
857 2375 926 2429 dixit
973 2379 1085 2431 errius.”

130 2440 194 2494 vid.
213 2439 333 2492 eundem
347 2456 368 2491 s.
384 2456 410 2492 v.
428 2443 548 2494 maxilla.
568 2441 697 2495 “Manilia
711 2444 794 2496 etiarn
810 2443 844 2496 de
855 2455 935 2513 parte
951 2446 1085 2513 exteriore

132 2509 254 2576 dicitur,
273 2525 344 2577 quae
357 2508 475 2561 barbam
490 2509 600 2565 emittit.
634 2512 742 2564 Persius
756 2517 811 2564 Sat.
825 2517 869 2578 IV,
884 2514 928 2568 36.
946 2514 965 2566 i.
981 2531 1006 2569 e.
1019 2515 1085 2567 bar-

130 2579 198 2632 bam
215 2593 230 2630 e
245 2577 326 2630 malis
340 2587 528 2644 crescentem,
546 2582 667 2635 maxillis
681 2583 832 2650 respondet
849 2585 880 2634 in
903 2581 995 2635 altero
1007 2599 1086 2636 versu

133 2650 320 2719 inguinibua.”
355 2649 397 2698 Im
417 2647 498 2700 robat
525 2647 625 2701 deinde
645 2651 799 2702 casauboni
817 2651 1084 2720 interpretationem.

131 2717 238 2769 Eodem
259 2715 321 2767 fere
340 2664 436 2789 modo,
454 2717 504 2768 sed
520 2717 624 2782 fusius,
641 2719 793 2789 Koenigius
812 2720 888 2771 bunc
902 2737 941 2772 vs.
959 2719 1085 2789 explicat.

130 2785 205 2851 Eos,
218 2785 267 2854 qui
280 2784 368 2836 barba
382 2784 515 2836 destituta
529 2795 636 2853 essent,
655 2796 704 2839 aut
719 2796 816 2839 tenera
828 2787 960 2857 lanugine
974 2797 1084 2841 tantum

130 2853 276 2918 instructi,
293 2854 413 2905 barbam
424 2853 477 2905 sibi
489 2853 655 2907 adscititiam
667 2873 778 2923 parasse
791 2857 839 2909 ait.
873 2857 990 2908 Etiamsi
1001 2859 1086 2911 moris

131 2921 229 2975 fuisset
241 2922 360 2974 barbam
378 2921 533 2990 deponere,
551 2932 647 2976 tamen
659 2925 771 2977 iuvenes
788 2941 849 2977 eam
862 2924 1038 2992 aliquamdiu
1051 2925 1086 2979 ad

131 2991 298 3060 vigesimum
312 2990 465 3042 secundum
478 2992 575 3043 aetatis
588 3008 693 3044 annum
707 3001 736 3044 et
755 3010 838 3062 supra
847 2994 1003 3051 nutrivisse.
1034 2995 1085 3048 Al-

131 3059 188 3111 fert
200 3063 295 3112 Octav.
318 3061 428 3112 Ferrar.
453 3059 539 3113 Elect.
556 3064 590 3127 II,
610 3064 649 3115 12
666 3060 736 3115 Vide
751 3079 863 3141 quoque
875 3065 1037 3116 Passovium
1056 3064 1085 3117 in
1117 3118 1121 3129 ,

133 3143 250 3179 censura
264 3122 372 3180 lenensi
383 3127 507 3196 plurium
519 3128 556 3180 ad
566 3130 690 3182 Persium
699 3131 901 3199 pertrnentium
914 3131 1086 3201 libellorum,

132 3195 211 3248 cuius
223 3197 478 3249 nota‘verbotenus
491 3197 697 3266 propemodum
715 3215 733 3250 a
747 3202 878 3252 Donnero
899 3200 928 3252 in
941 3202 1086 3255 commen-

131 3274 185 3316 tar.
203 3264 324 3332 repetita
342 3275 390 3321 est.
424 3269 606 3318 Iamsensum
618 3268 769 3321 verborum
788 3269 837 3321 ille
857 3269 970 3339 egregie
986 3273 1028 3323 sic
1041 3288 1085 3323 ex·

127 3333 226 3402 ponit:
243 3332 287 3384 'l'u
303 3334 350 3401 qui
364 3334 468 3386 faciem
479 3334 542 3403 pilis
556 3334 700 3387 adscititiis
713 3354 812 3402 ornas,
830 3337 879 3390 ubi
896 3346 1001 3391 natura
1013 3341 1085 3408 pilos

131 3401 322 3474 iniungant,
340 3419 390 3456 cur
403 3402 507 3475 depiles
520 3419 565 3460 eas
576 3413 685 3476 partes,
702 3423 771 3478 quas
782 3415 884 3462 nanus
896 3405 960 3477 pilis
972 3408 1084 3466 vestitas
