2454 4110
233 294 276 358 86
519 293 898 351 nuuoutulouus.

232 438 315 495 variis
328 438 513 496 delicatorum
526 440 655 495 ciborum
668 439 818 514 genen'bus
831 438 1012 499 contrahunt.
1024 438 1193 499 cIIIartiai

232 510 281 566 lib.
303 512 365 567 XII.
384 529 427 581 ep.
445 512 488 567 48.
507 530 544 563 vs.
563 514 588 567 9.
601 530 642 583 sq.
679 514 826 566 Mullorum
839 513 1012 584 leporumque
1030 526 1061 567 et
1077 517 1193 568 suminis

231 584 323 635 exitus
336 584 382 634 hic
394 597 453 650 est,
472 582 669 655 Sulsureueque
683 583 773 647 calor,
792 583 986 652 carnificesque
994 584 1089 652 pedes.

301 652 347 705 Va.
360 650 409 704 47..
422 655 452 705 iu
459 649 682 723 flammas-Sic
697 667 713 702 e
727 648 808 702 codd.
817 666 870 718 pro
883 653 912 702 in
919 653 1044 720 flammis
1060 648 1097 701 ad
1107 652 1192 705 Grat'·

232 734 334 771 corum
346 720 587 775 consuetudinem.
622 720 717 772 Simile
733 719 892 788 exemplum
908 720 1018 773 Catonis
1032 718 1068 771 de
1088 734 1114 771 r.
1132 736 1156 773 r.
1168 738 1191 775 c.

234 789 292 843 156.
309 794 468 843 Brassicarn
484 795 513 843 in
531 809 633 862 aquarn
644 808 782 851 macerare
799 803 914 860 oportet.
932 788 996 841 Vid.
1012 786 1148 844 Vettium
1159 788 1191 843 dt

230 867 381 928 grammat
398 857 449 912 lib.
463 860 521 911 VII.
540 875 564 911 c.
578 859 622 913 65.
640 857 774 909 conferas
787 864 884 909 umen
900 856 1000 911 Catuli.
1019 874 1044 909 c.
1057 860 1104 925 90,
1118 860 1149 913 6.-

300 930 346 981 Vs.
361 926 403 981 48.
430 927 655 1048 opimohlerto—
668 926 688 982 i.
702 942 727 978 e.
745 924 844 997 pingui
858 924 933 994 libo,
959 926 1035 997 quod
1053 927 1192 982 Cunabu-

230 1013 283 1049 nus
295 1014 347 1066 pro
360 997 438 1047 omni
451 996 522 1048 sacri
545 995 588 1048 cio
601 995 724 1064 positum
740 1004 831 1059 putat.
853 994 915 1048 Vid.
936 998 1094 1051 (taenarum
1108 997 1139 1049 iu
1153 996 1191 1049 la·

230 1067 284 1120 xic.
304 1073 333 1118 et
344 1065 471 1118 Vossium
483 1066 513 1117 in
525 1064 682 1136 Etymolog.
701 1082 722 1120 s.
739 1064 768 1119 h.
785 1083 812 1121 v.
838 1066 918 1117 Certe
940 1065 1075 1130 victima,
1092 1066 1141 1119 vel
1152 1066 1191 1119 ri·

231 1136 336 1188 ctimae
349 1152 414 1203 pars
434 1134 615 1206 intelligenda
631 1144 686 1193 est,
703 1152 793 1205 quum
810 1134 978 1188 animalibus
999 1134 1190 1189 sacrificandit

230 1222 330 1277 greges
340 1205 470 1258 imminui
492 1205 631 1257 dicantur.
667 1208 794 1257 Fortasse
814 1214 907 1257 tamen
922 1205 1026 1257 rectius
1049 1206 1188 1277 estfarta,

231 1275 376 1345 quodnon
394 1276 486 1327 miuus
499 1275 529 1327 in
548 1273 644 1341 inultis
664 1274 808 1328 codicibus
830 1273 985 1341 invenitur,
1001 1272 1188 1343 siquidem'id

231 1353 295 1397 exta
318 1344 461 1414 significat
482 1345 565 1397 variis
585 1344 670 1397 rebus
688 1344 813 1413 impleta.
837 1343 878 1397 (If.
896 1359 933 1396 vs.
951 1344 996 1399 80.
1012 1346 1144 1415 pulmone
1162 1356 1187 1399 et

225 1414 349 1467 iactibus
372 1417 471 1466 unctis.
506 1414 624 1466 Titinius
647 1414 723 1483 apud
734 1415 808 1468 Non.
828 1430 853 1467 c.
871 1412 898 1469 4.
913 1430 943 1483 p·
956 1416 1021 1471 270.
1037 1414 1187 1479 Fortitudo,

230 1482 400 1547 cerebellum,
418 1485 504 1536 lactes
517 1488 647 1555 agninus·
864 1522 868 1529 ·
923 1534 926 1539 .
983 1514 987 1521 ·
1088 1518 1091 1525 ·

299 1551 397 1606 Vs.52.
422 1558 550 1607 craterae
562 1582 599 1595 -
614 1561 772 1620 creterras,
830 1569 877 1606 tm
897 1550 1038 1623 praecipit
1051 1552 1187 1609 cunata·

228 1636 291 1687 nus,
309 1618 382 1672 falsa
399 1629 440 1673 est
450 1621 592 1676 scribendi
604 1623 688 1678 ratio.
722 1569 839 1691 cyntiis
853 1623 884 1673 in
897 1622 1055 1677 Glaesaria:
1070 1618 1186 1693 κρατήρ,

230 1698 348 1749 cratera.
367 1690 429 1746 Vid.
448 1693 525 1765 Casp.
544 1693 636 1747 Barth.
647 1690 684 1743 ad
697 1694 763 1742 Stat.
781 1690 868 1742 Iiseb.
886 1694 919 1755 11,
934 1693 978 1745 76.
1159 1717 1180 1733 ¹·
1210 1741 1227 1753 ,

298 1761 344 1812 Vs.
361 1760 403 1815 54.
423 1766 556 1816 Excutiat
573 1776 670 1833 guttas
694 1762 796 1812 laetari
810 1762 1019 1831 praetrepidum
1041 1780 1090 1815 cor
1100 1784 1136 1803 ·-
1145 1758 1186 1811 Sit
1198 1808 1206 1831 .-
1226 1763 1227 1766 ’

230 1844 297 1881 cum
310 1828 421 1895 deicio,
438 1831 566 1883 Passovio
579 1839 607 1881 et
620 1827 733 1880 Orellio.
752 1830 900 1892 Excutior,
919 1845 992 1897 quaa
1005 1837 1047 1881 est
1060 1830 1186 1883 omnim

229 1897 292 1951 fere
315 1896 397 1951 codd.
414 1900 567 1969 scriptura,
585 1908 679 1951 ortum
698 1895 824 1962 videtur,
844 1894 921 1965 quod
934 1900 1016 1949 sudes
1035 1896 1184 1952 antecedit

228 1968 269 2019 Ea
280 1976 377 2021 tamen
388 1968 428 2021 sic
446 1978 538 2037 potest
556 1967 703 2039 explicari,
721 1974 753 2017 ut
764 1981 815 2017 cor
826 1964 1037 2035 praetrepidum
1051 1966 1185 2021 accusati·

229 2054 295 2105 vos,
313 2056 364 2107 per
376 2039 572 2108 gradationem
586 2034 815 2091 antecedentibus
828 2034 936 2087 additas
948 2032 1087 2088 dicamus.
1118 2033 1186 2090 mot

229 2101 971 2231 utunn,rznutnzuncn
988 2104 1185 2229 tutu
1226 2109 1227 2146 ‘

228 2243 327 2311 aiensi,
347 2242 424 2313 quod
434 2241 501 2293 haio
513 2242 577 2294 loco
590 2243 683 2310 aptiae
694 2240 764 2292 mihi
775 2242 887 2294 uidetur
899 2242 990 2295 altero
1004 2244 1100 2299 subiit.
1120 2246 1185 2297 den·

227 2315 316 2366 tentia
337 2320 394 2362 est:
420 2310 502 2372 Quod
517 2318 551 2361 tu
564 2310 646 2361 nimis
665 2308 763 2378 magni
778 2309 850 2361 facis
873 2310 999 2377 divitias,
1016 2310 1082 2364 iude
1095 2312 1184 2369 subito

227 2382 278 2449 Iit,
297 2379 373 2450 quod
385 2378 471 2445 deos,
490 2378 569 2448 quasi
588 2378 687 2431 eadem
703 2386 754 2429 tua
772 2377 1099 2448 cupiditateteneantur,
1118 2379 1185 2433 col'u

228 2467 298 2503 auro
310 2466 420 2501 summa
434 2466 502 2501 cum
512 2448 621 2501 laetitia
634 2455 762 2517 accepto.
795 2447 943 2501 Enimvero
962 2465 1076 2503 ovatum
1092 2449 1183 2503 refert

228 2519 265 2572 ad
279 2519 365 2571 verba
378 2525 526 2591 incusaque
533 2523 636 2592 pingui
648 2525 723 2572 Auro
735 2518 917 2585 donaseram,
934 2534 992 2570 nou
1006 2518 1043 2570 ad
1056 2532 1184 2571 autumo

227 2589 375 2644 manubiis.
393 2589 490 2660 Neque
503 2588 581 2640 hiatu
596 2588 769 2640 offendimus.
780 2587 849 2642 ,Vid
867 2590 964 2640 Iureu.
980 2592 1038 2643 Sat.
1052 2588 1130 2657 XIV,
1140 2588 1184 2650 ff.

228 2664 284 2715 Sed
294 2673 442 2733 peccaturo
455 2661 542 2713 obstet
553 2659 605 2711 tibi
611 2660 703 2729 filius.
721 2660 777 2708 sat.
796 2658 870 2721 XIII,
888 2658 932 2712 65.
1013 2683 1016 2689 ·

297 2734 343 2784 vs.
358 2730 401 2783 61.
428 2734 451 2783 0
471 2747 571 2794 cervae
581 2732 618 2780 'in
636 2743 726 2781 serras
739 2753 772 2765 -
785 2728 903 2777 Ioannes
921 2724 1097 2779 Munnellius
1109 2722 1185 2779 dedit

229 2814 263 2851 ex
276 2797 422 2851 Lactantio
441 2800 468 2864 2,
485 2800 512 2851 2.
530 2795 672 2866 habetque
687 2795 753 2851 edit.
768 2797 865 2848 venet.
885 2812 929 2845 an.
944 2797 1019 2849 1492„
1040 2799 1184 2852 etAsoaa·

227 2868 283 2919 sius
305 2870 335 2921 in
357 2866 421 2919 edit.
441 2865 567 2936 Lugdun.
596 2867 736 2925 an.1510.
762 2864 810 2935 qui
830 2863 996 2917 ovidianum
1012 2872 1184 2935 comparate

227 2942 372 3010 Pronaque
406 2956 495 2989 uums
513 2950 601 2989 ectent
614 2937 749 2989 animalia
762 2949 853 2988 cetera
862 2948 951 2989 terras
962 2940 1018 2989 etc.
1223 2983 1227 2990 ,

297 3012 344 3062 Vs.
363 2958 406 3062 di
430 2957 511 3075 Quiri
520 3009 608 3070 iuvat,
626 3007 721 3058 Iros—
734 3002 778 3054 Sic
796 3002 894 3071 scripsi
908 3020 975 3055 oum
984 3002 1125 3067 Poetovio,
1138 2998 1184 3084 qui

227 3078 294 3195 ssuid
310 3081 388 3130 iuvat
403 3078 455 3128 hoo
473 3091 532 3126 non
550 3073 637 3125 latiae
656 3073 878 3141 dictampnum,
896 3071 1015 3125 etillud
1035 3071 1067 3125 in
1086 3070 1183 3126 codice

251 3143 372 3197 reedensi
385 3144 498 3197 invenit.

297 3214 342 3266 Vs.
359 3214 403 3267 68.
414 3218 518 3294 Ι(Ιιιοενο
530 3240 567 3253 -
578 3209 758 3265 Marklandut
777 3209 814 3263 ad
831 3211 949 3265 Statium
969 3208 1072 3281 p.188.
1094 3226 1120 3263 ι.
1138 3211 1181 3266 δι’·

218 3291 516 3411 ’Ψῧῗξῗηὲηιᾱο
535 3353 569 3407 de
609 3352 701 3405 uluere
714 3372 747 3389 -·
770 3348 874 3402 Censor
890 3348 1134 3423 Heidelbergentit
1150 3354 1181 3407 dt

223 3423 355 3495 pondere,
368 3419 433 3473 loco
447 3423 554 3475 Lucam
591 3424 613 3489 I,
626 3418 688 3477 403.
704 3416 808 3473 allato:
824 3418 1111 3492 Inforrrarncalidae
1119 3442 1179 3497 per·
1224 3447 1227 3454 ·

100 3793 266 3916 Α,
