2454 4110
362 268 737 329 aunouaurouaa
986 266 1029 333 35

63 414 121 472 alit.
138 414 207 473 Plin.
223 414 294 470 ittet.
312 424 371 469 nat.
383 418 455 483 VIII,
466 413 510 474 42.
528 422 589 472 Rex
602 416 730 491 defuncto
743 419 770 472 ei
781 416 862 474 duxit
877 419 1030 493 exsequias.

65 488 140 543 Ptin.
158 492 192 556 ιι,
210 491 277 544 109.-
288 488 374 557 npist.
392 487 442 541 ln.
461 491 508 555 ιιι,
531 490 572 543 16.

140 560 185 610 Vs.
199 560 240 611 16.
264 573 370 611 noctem
384 587 419 597 -
435 557 455 610 i.
476 574 500 609 e.
517 565 692 609 nocturnum
713 554 828 608 coitum.
854 556 898 610 Sic
916 556 1033 628 quidem

66 628 103 681 D.
121 626 309 696 Hieronymus
323 628 352 678 in
364 626 482 697 apolog.
499 643 552 695 pro
564 626 644 679 libris
655 627 787 679 adversus
799 625 943 679 Iovianum
963 646 987 682 c.
999 630 1032 682 7:

65 700 135 819 &ds
142 702 277 781 ipsorum,
292 696 432 781 inquiens,
450 700 797 821 ponsciensiamlponuenio,
817 700 865 767 qui
880 700 974 751 eadem
988 700 1035 779 tiis

64 782 449 914 ttntft‘tttttssttt
464 769 1035 889 ttnftttntttt’ftttttlttft

64 922 97 960 o.
113 907 172 961 vll.
190 907 301 975 Gespnr.
320 906 412 958 Barth.
432 904 467 957 ad
479 908 546 961 Stat.
557 905 646 959 Theb.
664 908 712 965 IX,
730 905 790 960 574.

63 1002 83 1047 χ
128 976 246 1029 ·vs.19.
272 978 376 1029 Ifisnc?
395 978 528 1028 Guinam?
546 979 679 1029 Casinam?
698 973 867 1045 suscripsi,
888 973 954 1045 quia
965 973 1035 1025 alte·

68 1060 139 1098 rum
157 1050 238 1099 Hunc
256 1048 403 1117 cuiquam?
420 1044 532 1113 linguae
544 1043 654 1115 legibus
666 1061 725 1096 uon
737 1061 894 1115 congruere
916 1043 1035 1099 videtur.

65 1116 145 1169 tiam
157 1113 180 1165 si
193 1113 284 1166 Latini
297 1119 441 1186 quisquam
455 1114 485 1163 iu
499 1112 720 1184 interrogatione
734 1122 869 1178 utuntur,
890 1118 1036 1181 exspecta·

66 1200 151 1255 mna,
168 1190 202 1234 ut
212 1183 403 1253 interrogatus
417 1198 494 1248 rem,
513 1180 548 1233 de
562 1199 623 1251 =qun
637 1180 813 1253 qiraerimus,
830 1191 928 1254 neget:
947 1196 1036 1252 quare

69 1252 96 1305 sl
111 1258 239 1325 cuiquam
252 1260 365 1305 rectum
377 1260 464 1318 esset,
482 1268 540 1303 non
552 1252 722 1323 interrogari
735 1268 830 1304 rursus
846 1258 968 1315 cuinam,
986 1249 1036 1303 sed

68 1325 145 1379 nulli
153 1321 320 1392 responderi
334 1320 463 1373 debebat.
482 1320 524 1373 cf.
543 1321 641 1393 virgil.
660 1328 726 1373 Aen.
740 1324 775 1377 X.
794 1338 834 1376 vs.
853 1323 896 1376 65.
920 1328 1036 1375 Aenean

65 1394 211 1447 hominum
222 1396 366 1465 quisquam
378 1394 524 1465 divumque
535 1394 642 1465 subegit
654 1394 734 1445 Bella
752 1395 848 1465 sequi?
865 1395 933 1442 Aeni
949 1393 975 1469 ¹I.
995 1405 1035 1441 vs.

72 1460 118 1535 48,
138 1466 176 1515 Et
214 1467 338 1535 uisquam
358 1482 458 1514 nunsen
482 1466 596 1515 Iunonis
618 1464 714 1515 adoret
728 1464 900 1535 praeterea?
920 1462 1037 1513 Terent.

65 1482 265 1598 ‘fldovfflldsst
284 1535 493 1603 ·An=quisqunm
507 1550 621 1603 usquam
653 1534 756 1583 entium
769 1547 812 1585 est
830 1550 917 1601 oeque
932 1532 1036 1584 miser?

67 1596 207 1720 ‘Getpmm
224 1596 380 1653 lectionem
391 1608 538 1669 receptam
549 1618 607 1654 non
653 1600 725 1666 iter,
742 1616 829 1671 quam
848 1599 1036 1666 casaubonus,

72 1686 108 1723 or
139 1686 193 1723 sco.

106 1686 126 1741 P
144 1741 189 1791 Vs.
202 1740 246 1795 26.
256 1732 261 1742 ¹
271 1744 318 1794 An
336 1741 402 1812 quia
418 1759 473 1794 non
485 1768 521 1778 —
532 1737 710 1791 Achaintrius
729 1732 906 1810 interpuugit
923 1735 953 1789 iu
967 1734 1036 1793 edit.

73 1822 119 1862 nn.
138 1810 214 1864 1822.
232 1809 288 1861 huo
299 1808 402 1860 modo:
420 1816 475 1872 An,
488 1812 563 1881 quia,
577 1830 632 1862 non
639 1812 722 1879 fibris
737 1812 837 1875 aerium,
855 1813 1038 1878 Ergennaque

73 1881 193 1942 intense,
211 1883 302 1932 Triste
316 1882 391 1930 iaces
401 1880 518 1930 lucis-.
533 1880 651 1943 Idcirco,
667 1894 740 1945 qnae
751 1876 941 1943 interpunctio
953 1876 1037 1943 plane

72 1956 207 2019 penem
227 1955 284 2011 est,
340 1946 369 1996 ia
385 1966 442 1998 non
458 1944 495 1995 ed
516 1949 589 1997 iaces
606 1945 745 2010 pertinet,
766 1953 794 1993 et
808 1944 895 1993 verba
906 1946 989 2009 fibris
1003 1970 1038 1984 -

71 2020 185 2073 &mente
199 2028 266 2064 eum
278 2015 307 2063 in
329 2012 419 2077 'caut,
438 2010 516 2061 euius
537 2010 612 2061 iussu
631 2008 769 2061 eiusmodi
785 2007 911 2063 bidental
931 2011 1040 2063 evitan-

73 2088 146 2142 dum
161 2080 208 2132 sit.

10 2144 12 2149 ’
147 2148 249 2205 Vnflfi.
267 2168 341 2222 spem
351 2147 759 2220 macram—Wagnerusspem
770 2163 895 2214 muctam,
942 2164 1039 2201 aeon-

70 2222 187 2277 iectura
199 2219 270 2271 sales
291 2225 426 2288 pereunt,
444 2215 492 2285 qui
511 2216 641 2268 oriuntur
655 2233 670 2269 e
686 2218 849 2283 contrariis,
868 2218 908 2270 sci
921 2219 977 2271 icet
989 2234 1039 2288 spe

75 2304 190 2356 maora,
214 2289 233 2341 ι.
254 2305 278 2343 e.
297 2285 610 2353 dubia,.iucertissima,
629 2294 658 2338 et
671 2286 742 2339 votis
755 2287 810 2339 illis
823 2288 949 2353 summis,
966 2304 1039 2358 (praa

74 2361 173 2415 nutrix
195 2357 231 2411 de
246 2357 357 2409 infante
376 2357 505 2425 suscepit.
539 2355 645 2408 Eadem
661 2355 696 2408 de
715 2372 800 2408 causa
819 2366 861 2411 est
872 2358 959 2411 lectio
976 2356 1040 2415 cod.

70 2429 304 2485 ·1¹srisint·macra
316 2446 364 2498 spe
376 2440 404 2479 et
415 2428 538 2498 supplice
547 2440 612 2479 noto
625 2425 821 2495 improbanda.

148 2500 194 2555 Vt.
206 2497 247 2552 39.
266 2502 344 2551 Haec
360 2515 411 2565 ego
428 2498 533 2547 nutrici
551 2515 606 2547 non
620 2499 732 2558 mando,
750 2511 816 2549 notu
835 2512 979 2567 negato—
994 2495 1040 2549 Sic

77 2568 174 2641 plures
187 2566 319 2635 antiquae
333 2563 477 2617 editiones.
488 2592 522 2602 -
534 2563 648 2626 Nutrix,
667 2573 699 2616 ut
718 2564 774 2616 hoc
792 2565 883 2617 obiter
897 2582 1039 2632 moneam,

79 2645 193 2693 nonest
208 2631 417 2703 diversa,'quod
431 2631 584 2701 Koenigius
601 2642 704 2700 censet,
713 2634 748 2685 ab
759 2634 821 2685 avia
832 2643 861 2686 et
875 2644 1039 2687 matertera.

72 2704 251 2762 *Grandaevis
263 2705 340 2757 enim
352 2700 508 2753 nutricibus
523 2701 771 2755 committebantur
781 2703 921 2767 infantes,
939 2702 1040 2773 quibus

72 2778 129 2832 -stili
152 2775 257 2827 antium
271 2783 299 2825 et
312 2770 480 2891 murpditiem
498 2768 671 2828 adhiberent.
696 2772 759 2830 vid.
777 2774 874 2828 luven.
892 2777 947 2825 sat.
965 2772 1040 2829 XIV.

72 2856 120 2901 tos.
192 2844 255 2901 ,ibi
277 2842 389 2896 .scho.

150 2916 196 2970 vs.
211 2860 389 2985 talpingues
397 2908 581 2983 patinas—i.
595 2909 732 2980 aepulae
746 2910 878 2981 opiparae
887 2918 916 2963 et
925 2919 1040 2976 unctae,

73 2976 153 3057 'quos
167 2982 291 3037 catullus
305 2996 393 3035 carm.
410 2980 453 3034 62.
471 2996 510 3031 vs·
528 2979 554 3033 3.
569 2984 687 3054 pingues
700 3002 806 3035 mensas
817 2981 948 3050 appellat.
968 2980 1042 3033 Scri·

72 3069 77 3077 ·
100 3064 167 3107 tura
177 3055 313 3134 prandes,
331 3066 418 3119 qtiam
435 3048 611 3101 Casaubonus
630 3050 733 3120 aliique
751 3059 878 3118 tuentur,
896 3050 988 3122 glossa
1006 3049 1042 3103 il-

80 3070 146 3177 ssui'
157 3122 287 3187 videtur,
305 3127 334 3170 et
355 3119 468 3188 quidem
486 3118 551 3170 inde
572 3119 714 3187 profecta,
734 3120 809 3190 quod
828 3124 948 3192 pingues
964 3118 1042 3173 olisnl

75 3190 153 3265 quid
165 3190 323 3265 siguificare
337 3185 492 3255 volebant,
504 3206 590 3258 quem
604 3211 700 3243 crassa
711 3189 833 3241 eiusdem
852 3207 954 3243 versus.
986 3188 1043 3241 Sed

83 3282 181 3319 crassa
200 3275 292 3315 tuceta
311 3258 456 3309 continent
469 3268 579 3327 partem
601 3275 705 3312 coenae
725 3258 903 3327 splendidae,
920 3259 1042 3327 ideoque

74 3330 234 3403 'pinguibus
243 3328 347 3401 patinis
356 3326 386 3378 h:
397 3325 417 3382 l.
434 3326 578 3380 firmandis
588 3328 749 3383 inserviunt.
779 3329 879 3400 Agitur
891 3328 991 3381 deinde
1005 3324 1042 3378 sie

74 3403 222 3472 ‘corrupti
241 3396 400 3453 suenone
419 3404 450 3449 et
468 3406 581 3452 motura
596 3406 702 3466 morte,
734 3414 819 3468 quun
838 3398 891 3452 sibi
906 3393 1041 3452 luxuriosi
