2454 4110
350 295 720 357 nunortmoues
970 302 1012 367 43

123 444 170 501 Vs·
187 440 232 497 66.
247 443 369 511 Discite,
386 463 403 497 o
424 445 531 509 miseri,
549 458 577 497 et
591 467 625 484 ·-
639 447 716 500 Haec
738 447 853 519 antiqua
874 448 1013 517 scriptura

53 520 106 578 est,
121 527 207 581 quam
225 528 278 580 pro
299 520 344 564 ter
365 510 474 565 hiatum
494 512 637 566 Passovius
662 524 690 567 et
711 516 831 569 Orellius
848 518 1015 587 interposita

49 580 193 709 particula
203 596 231 636 et
290 581 347 635 cire
362 580 518 634 voluerunt
537 584 571 634 In
585 582 708 637 editione
719 587 826 639 Veneta
838 602 882 640 an.
897 586 973 643 1t49.
986 586 1014 639 d.

71 690 80 707 .
93 668 133 705 m.
147 651 252 704 Novbr.
270 659 298 703 et
304 650 483 722 Lugdunensi
493 651 569 707 1510.
575 651 620 705 die
634 656 680 709 20.
691 671 729 708 m.
738 657 809 710 Nor.
818 658 983 727 ‘disciteque
996 675 1013 711 o
1026 704 1029 709 .

49 723 155 788 miseri,
169 720 223 771 sori
245 729 308 772 tum
329 721 486 787 invenitur3
504 720 612 790 itaquo
634 739 669 775 ue
694 741 737 793 ap.
753 728 866 795 August.
883 728 916 780 11.
939 723 1014 779 civit.

49 788 202 855 unitati
235 789 332 844 eVivis
347 791 416 844 dnos
433 791 484 843 hos
497 806 592 842 versus
606 740 734 845 iiustrnt
744 793 799 845 Sed
811 793 903 845 minus
921 792 1016 845 offen?

48 858 138 913 sionis
150 859 236 911 hahet
249 858 351 925 hiatus,
356 860 381 912 si
390 858 503 929 syllabis
512 860 646 913 elidendis
652 862 844 931 interpunctio
856 861 1015 915 intercedit.

121 928 168 981 Vs.
188 927 233 984 74.
270 932 396 1002 inguibus
417 932 523 984 Umbris
536 960 571 970 —
583 931 742 987 Athenaeus
761 933 811 987 lib.
828 934 891 985 XII.
906 929 1015 1001 ,τότῶν

49 992 85 1055 ’0
123 998 220 1067 pruine
239 950 326 1063 iiior
347 998 473 1063 ἐπιεικῶς
493 996 567 1073 ῥῖναι
586 994 789 1073 ἆβροᾶίαιταν,
816 1002 1015 1070 παραπλησίως

50 1086 83 1123 ss
118 1064 238 1123 corariam
250 1070 431 1134 τοῖςΛυδοῖς,
443 1065 536 1138 χώραν
549 1062 574 1122 τ’
586 1068 657 1138 ἔχειν
674 1066 805 1142 ἆγωθὴν·
826 1062 897 1127 isso
909 1074 1015 1141 παρελ-

50 1140 121 1194 θεῖν
131 1139 171 1201 ele
183 1133 375 1207 εὐδαιμονίαν.
394 1138 518 1190 Catullus
531 1137 575 1203 89,
590 1142 632 1193 11.
662 1146 723 1194 Aut
733 1157 834 1215 pastus
851 1139 934 1205 (θοαὶ.
949 1155 1016 1207 por-

51 1212 114 1272 cus,
129 1206 179 1259 alii
188 1212 302 1277 parcus)
318 1209 398 1268 Uter,
416 1223 466 1261 unt
484 1209 579 1261 obesus
594 1215 735 1263 Etruscus.
749 1209 812 1266 vid.
830 1209 870 1261 ihi
882 1208 1015 1278 Doering.

50 1276 229 1331 Tauhmsnn.
243 1278 280 1329 ad
291 1276 380 1333 Plaut.
391 1275 453 1330 mil.
466 1275 539 1346 glor.
551 1286 607 1329 aot.
624 1280 671 1331 ΠΙ.
693 1295 734 1332 so.
750 1281 774 1333 1.
787 1295 828 1333 vs.
840 1282 884 1339 53.
911 1276 1013 1348 Scalig.

51 1344 85 1399 iu
99 1347 262 1401 Gonieetsn.
276 1346 314 1399 ad
326 1349 406 1401 Varr.
420 1345 506 1415 p.'17.

123 1418 169 1471 Vs·
187 1418 231 1471 78.
250 1419 323 1490 quod
337 1420 409 1471 satis
423 1431 479 1481 est,
497 1418 577 1499 sapio
590 1417 659 1471 mihi
668 1445 704 1457 -
715 1414 762 1476 Sic
780 1415 853 1468 bene
868 1414 1017 1471 codd-Wi-

53 1482 608 1553 mariensis,Chemnicensis,tha1ntrii
623 1501 720 1538 omnes
735 1494 763 1537 et
774 1485 869 1554 plures
884 1486 1016 1554 antiquae

56 1554 201 1611 edition&
217 1556 344 1608 Alterum
359 1558 429 1627 quod
441 1557 527 1625 sapio,
540 1558 612 1609 satis
625 1570 667 1608 est
681 1558 756 1616 milri,
772 1564 904 1606 nontam
918 1564 1017 1623 aptum

55 1632 98 1677 est
112 1624 282 1677 centurionis
299 1623 422 1693 superbi,
439 1631 469 1675 at
482 1622 599 1689 inculti,
611 1624 751 1685 moribus.
784 1629 810 1677 Is
826 1624 918 1689 enim,
936 1621 1016 1688 mihi,

54 1694 154 1764 inquit,
175 1694 263 1763 sapio,
284 1702 422 1763 quantum
442 1692 508 1744 satis
522 1701 572 1760 est,
594 1710 653 1744 non
667 1693 1017 1764 expetnperegrinamss-

54 1762 200 1831 pientiam.
236 1764 388 1831 Propterea
403 1762 499 1833 igitur,
522 1761 598 1831 qnod
614 1766 682 1816 miti
694 1770 791 1830 aperte
811 1762 1017 1832 oppositionem

54 1832 140 1899 facit,
159 1834 315 1885 necessario
329 1832 360 1884 id
377 1831 605 1902 coniungendum
620 1841 662 1883 est
676 1847 742 1883 curn
754 1836 845 1904 sapio.
863 1832 908 1883 Sin
919 1833 973 1885 sibi
988 1837 1018 1882 et

55 1904 140 1957 alteri
151 1900 227 1953 inter
240 1918 269 1953 se
282 1909 463 1970 opponuntur
476 1899 551 1968 apud
561 1900 688 1967 priscum
696 1907 813 1968 poetam
825 1901 854 1951 in
866 1901 953 1952 Cicer.
966 1898 1016 1951 litt.

54 1975 76 2025 1.
98 1969 134 2023 de
153 1970 267 2051 divinat.
286 1986 311 2021 ο.
333 1968 393 2023 133.
430 1973 483 2035 Qui
502 1971 557 2020 sibi
568 1973 694 2020 semitam
711 1987 766 2019 non
785 1973 918 2040 sapiunt,
934 1970 1018 2037 alteri

58 2052 217 2095 monstrent
228 2056 313 2089 vlam·
679 2056 682 2061 ·
829 2074 832 2079 .

127 2108 174 2159 Vs.
189 2104 233 2157 85.
249 2108 372 2167 Horret,
385 2100 577 2182 quodpalles?
600 2104 667 2165 Cur,
692 2098 768 2169 quod
789 2097 852 2153 cod.
869 2099 1018 2154 Thuaneus

55 2192 104 2246 ap.
119 2172 329 2240 thaintrium,
351 2170 485 2223 editiones
506 2168 577 2221 duae
593 2171 718 2221 ¹Venetae
738 2168 920 2225 intimet
939 2170 1017 2237 1492,

54 2240 252 2314 Lugdunensis
265 2258 311 2295 an.
324 2244 401 2297 1510.
422 2248 450 2293 et
464 2238 548 2291 editio
569 2237 721 2290 Murmellii
734 2238 849 2305 hebent,
863 2239 957 2310 glossa
967 2254 1019 2292 vo·
1036 2274 1038 2279 -

56 2313 140 2369 ottlae
161 2314 234 2385 quod
255 2310 367 2363 videtur
385 2325 452 2362 esse.
488 2310 592 2361 Censor
609 2307 849 2380 Heidelbergensis
871 2316 1019 2379 comparet

56 2380 233 2453 Virgil.Aen.
242 2377 343 2447 tuost.
360 2379 442 2432 “Hos
456 2384 526 2442 erat,
539 2376 615 2429 alma
629 2394 739 2445 parens,
747 2377 822 2448 quod
839 2395 885 2431 rne
896 2394 949 2447 per
961 2377 1019 2431 tels

57 2450 188 2521 eripisi’'
198 2450 392 2501 casaubonum
404 2447 576 2517 vituperans,
595 2446 670 2514 quod
682 2450 780 2500 Senec.
794 2464 809 2500 e
829 2447 873 2500 ist.
885 2447 928 2502 48.
938 2450 1018 2500 “Hos

58 2530 117 2587 est,
134 2518 211 2600 quod
222 2518 316 2571 tristes
332 2516 466 2570 docemus
480 2525 507 2568 et
519 2514 655 2583 pallidi2”
673 2515 783 2579 afferat,
797 2466 847 2567 uiri
862 2520 935 2589 quod
943 2515 1019 2569 rela-

56 2591 110 2645 tivi
122 2604 180 2641 vrm
193 2588 305 2643 habeat.
326 2584 381 2639 Sed
392 2586 463 2637 nihil
474 2583 602 2654 impedit,
616 2584 765 2654 quominus
780 2586 867 2636 etiam
883 2585 938 2639 hoe
951 2588 1019 2637 Per·

56 2659 93 2715 sii
105 2658 172 2711 loeo
185 2661 259 2731 quod
269 2654 420 2709 relativum
432 2654 476 2724 sit,
485 2668 573 2723 quum
581 2655 765 2726 patientum
777 2654 937 2708 accusativo
949 2670 1019 2707 oon-

58 2725 344 2783 inuenerunt.
362 2727 383 2790 I,
400 2722 461 2779 224.
892 2730 896 2739 '

128 2797 175 2849 Vs.
189 2805 233 2859 86.
255 2798 311 2849 His
320 2814 358 2867 po
378 2795 440 2847 ulus
449 2788 600 2845 ridet-,lu
615 2806 640 2843 a.
653 2789 688 2843 de
702 2790 838 2844 eiusmodi
853 2787 977 2843 dicteriis
990 2796 1020 2843 et

59 2864 200 2932 convitiis,
221 2880 294 2933 quaa
314 2814 423 2935 phffoso
444 2860 485 2912 his
496 2858 556 2911 iiun
590 2857 685 2913 rident
704 2859 803 2912 inoulti
816 2859 944 2926 Romani,
960 2874 1018 2927 qtro

58 2935 179 3007 quidem
197 2932 256 3014 risu
275 2949 305 3013 pe
324 2931 400 3013 idern
435 2927 636 2998 ephilosophin
653 2929 756 2982 sentire
768 2928 906 3010 indicant,
922 2944 1018 2996 qnam-

57 3090 118 3127 ....
139 3001 515 3127 ,tittt‘ittttttt
526 2996 1019 3139 ⁰ttttt¹¹²ttittt⁸¹tttttit

60 3140 139 3213 quod
156 3139 303 3193 hominum
324 3155 421 3210 genus,
444 3138 570 3208 quamvis
586 3136 667 3205 rude,
687 3153 821 3206 arrogans
837 3144 866 3187 et
879 3134 1019 3207 magnilo-

60 3228 153 3281 quum
169 3218 239 3266 erat.
254 3208 359 3261 Eadem
372 3208 578 3279 propemodum
589 3206 745 3259 Gasuuboni
757 3214 798 3257 est
811 3203 1018 3274 interpretatio,

104 3280 111 3293 “
126 3282 224 3332 tam'en
235 3281 308 3332 ridet
318 3294 371 3347 per
383 3282 496 3343 arridet,
510 3281 668 3341 assentitur,
678 3277 789 3347 plaudit
804 3275 933 3345 explicat.
949 3276 1020 3326 Cum

87 3348 158 3402 itioti
180 3346 318 3403 sententia
337 3346 434 3399 “anni
450 3346 478 3399 le
493 3347 596 3417 penplo
613 3360 644 3396 sa
656 3358 762 3413 moque
775 3342 874 3397 d’eux”
888 3341 1019 3413 oongruit

61 3417 203 3489 seriptum
213 3422 282 3487 Hos,
294 3432 367 3488 quaa
377 3415 409 3471 in
420 3416 561 3471 nonnullis
574 3412 654 3467 libris
663 3412 815 3469 invenitur.
840 3412 896 3469 ded
907 3420 1019 3465 utrem-

1003 3778 1130 4020 C
1147 3880 1217 3955 ..aaa
