2414 4140
245 298 321 363 ta.

409 502 412 507 ,
423 446 531 501 δάνον.

245 550 291 607 87.
307 552 385 598 tunc.

246 622 291 676 51.
310 614 410 668 Nescio
423 608 508 685 quoii.

249 690 293 745 55.
310 684 414 765 Pipei'.
424 694 451 737 et
465 683 533 753 pall.

249 780 285 793 -
309 770 424 806 cumini.

248 829 293 884 57.
310 822 362 875 Hic
375 822 553 894 -indulget

246 899 291 953 68.
309 899 411 960 putrer.

245 969 291 1021 61.
308 958 371 1012 aeri.

246 1034 290 1091 63.
308 1028 405 1082 Cultor
419 1026 494 1081 enim
508 1043 537 1080 es
553 1025 609 1082 iun.

246 1171 291 1225 64.
309 1163 469 1221 Cleanthea.

246 1242 291 1295 68.
309 1238 369 1286 Iam
383 1248 454 1287 cras.

246 1311 291 1364 69.
308 1303 392 1354 ultra.

249 1380 295 1433 72.
310 1372 379 1423 etin
392 1386 452 1427 axa.

249 1448 294 1501 77.
314 1441 380 1492 etin
390 1439 478 1491 tenui.

155 1504 161 1511 ’
248 1517 293 1570 78.
311 1509 443 1564 Verterit.

247 1586 291 1639 82.
308 1577 373 1630 hoc.

246 1653 290 1709 84.
307 1655 340 1699 ut
350 1644 449 1727 voluit·

246 1744 281 1756 -
307 1733 364 1768 non
376 1733 438 1767 nm.

246 1792 291 1847 87.
309 1788 370 1837 Hoc
382 1784 532 1854 reliquum.

246 1883 281 1927 ,-
306 1854 392 1921 illud,
414 1862 442 1905 et
452 1856 485 1906 ut
496 1854 570 1907 volo.

250 2002 293 2056 89.
310 1993 390 2046 iussit
400 1991 596 2071 quodcunque.
637 1954 639 1961 Ι

248 2072 293 2126 90.
311 2066 422 2117 Masuru

246 2142 291 2197 92.
309 2136 391 2191 Dum.

246 2211 290 2267 93.
308 2203 413 2256 tenuia.

246 2280 291 2334 95.
310 2270 456 2339 aptaveris.

246 2350 291 2402 96.
328 2340 405 2389 arrit.

246 2417 290 2471 97.
307 2357 403 2458 iacere
416 2400 454 2455 id.

246 2507 282 2518 -
307 2472 424 2527 vitiabit.

248 2554 307 2608 102.
324 2544 441 2595 Navem.

249 2620 308 2677 103.
327 2612 473 2664 exclamet.

249 2688 310 2747 105.
327 2681 458 2750 speciem.

251 2761 312 2816 107.
329 2750 433 2802 forent.

252 2830 313 2885 109.
328 2822 362 2872 Et
377 2815 454 2871 mod.

252 2888 311 2953 11¹1.
328 2888 415 2941 fixum
426 2882 522 2955 possis.
560 2945 565 2959 .

250 2968 310 3022 116.
327 2957 446 3024 retines,
462 2982 496 2995 -
508 2946 619 3020 pohtut.

250 3036 311 3090 117.
329 3042 430 3081 servm.

250 3106 311 3159 118.
328 3096 444 3150 reduco.

250 3174 310 3228 184.
328 3164 422 3217 sumis.

251 3244 311 3297 127.
327 3230 473 3302 increpuit.
539 3252 542 3256 ·

251 3312 312 3366 188.
329 3319 382 3356 nec
396 3301 555 3370 quicquam.

252 3380 313 3436 160.
329 3375 493 3425 Nascantur.

267 3457 403 3514 -..m

814 450 879 503 cod.
892 453 978 507 Wim.
991 464 1020 505 at
1033 452 1141 515 Chemn.

748 556 810 600 tum
825 548 911 603 Wim.
928 556 957 603 et
968 550 1060 607 chem.

748 618 849 671 Nescio
864 618 932 688 quid
944 619 1056 675 Chemn.

747 686 842 757 piper,
859 688 926 756 pall.
940 688 1054 742 Chemn.

747 756 854 825 cymini
867 757 952 810 Wim.

747 825 784 877 Hi
794 856 828 866 -
839 826 994 896 indulgent.
1005 826 1092 880 Wim.

746 893 837 961 putris
851 895 935 946 Wim.
952 904 981 946 et
996 896 1113 949 Chemn.

746 962 825 1013 aenio
835 962 921 1016 Wim.

747 1030 846 1083 Cultor
870 1030 945 1083 enim
967 1032 1063 1084 iuven.
1081 1032 1168 1088 Wim.
1183 1040 1205 1084 et

784 1098 896 1151 Chemn.

748 1167 874 1221 Cloanth.
893 1169 1005 1220 Chemn.

747 1239 821 1290 Nam
834 1237 919 1289 Wim.

749 1323 812 1358 cras
827 1306 940 1358 Chemn.

749 1384 841 1428 ctare
857 1375 970 1426 Chemn.

707 1464 710 1469 ·
749 1453 779 1496 et
791 1446 869 1496 tenui
880 1444 966 1495 Wim.

748 1514 842 1567 Vertit
853 1513 965 1565 Chemn.

749 1582 946 1635 haecChemn.

747 1661 782 1705 ut
792 1652 876 1704 libuit
889 1652 1002 1703 Chemn.
1041 1654 1046 1661 “

746 1736 805 1785 uon
818 1737 881 1772 aum
895 1721 982 1775 Wim.
995 1725 1024 1770 et
1035 1717 1153 1770 Chemn.

745 1791 823 1840 Haec
836 1790 947 1859 reliqua
958 1787 1046 1840 Wim.
1061 1794 1089 1838 et
1096 1787 1203 1838 Chemn.

745 1857 820 1910 istud
827 1858 914 1910 Wim.
930 1873 962 1911 ut
977 1865 1044 1908 ante
1056 1859 1118 1910 volo
1128 1854 1203 1908 omit·

781 1926 818 1978 tit
829 1926 943 1976 Chemn.
1184 1972 1192 1987 ‚

747 1993 790 2048 iua
803 1994 838 2046 ait
853 2009 1041 2064 quaecuuque
1056 1993 1170 2048 Chemn.

747 2080 880 2116 mansura
895 2063 977 2115 Wim.
1062 2094 1066 2099 -
1196 2074 1199 2081 ’

749 2135 820 2186 Cum
832 2133 917 2185 Wim.

748 2212 835 2256 tenua
849 2205 902 2254 MS.
916 2196 1029 2251 Pithoei.

749 2272 883 2339 nutaveris
896 2268 1009 2320 Chemn.

746 2335 944 2450 pannitWim.

761 2416 841 2451 acere
856 2403 969 2454 Chemn.

745 2468 853 2521 vitiavit
863 2470 949 2523 Wim.
989 2492 993 2499 ·

747 2537 847 2591 Navim
861 2540 946 2592 Wim.

749 2608 886 2660 exclamat
901 2609 1018 2658 Chemn.

747 2678 889 2747 specimen
905 2677 1021 2730 Chemn.

747 2748 840 2801 ferent
853 2746 965 2797 Chemn.

680 2842 683 2847 ⁴
748 2819 783 2869 Ea
794 2814 870 2868 mod.
884 2816 999 2866 Chemn.

745 2885 832 2955 porcis
848 2884 935 2935 fixum
946 2883 1031 2935 Wim.
1050 2890 1080 2934 et
1091 2881 1196 2934 chemn.

745 2955 867 3007 retinens
883 2952 968 3003 Wim.
980 2952 1073 3021 polita
1089 2952 1196 3004 Chemn.

744 3039 855 3076 servans
867 3021 954 3076 Wim.

745 3108 852 3160 repono
867 3090 950 3142 Wim.

747 3161 955 3213 centiaChemn.

746 3228 874 3295 increpui
886 3227 968 3279 Wim.
985 3234 1014 3280 et
1026 3225 1140 3279 Chemn.

746 3298 943 3367 nequicquam
957 3296 1069 3348 Chemn.
1182 3310 1190 3329 ⁸

747 3369 904 3420 Nascuntur
914 3364 996 3418 Wim.
1012 3373 1041 3417 et
1055 3363 1165 3417 Chemn.

748 3435 815 3507 quid
826 3435 936 3488 Chemn.
