2454 4110
239 247 264 301 x
528 217 908 301 susurrores
971 198 976 211 ¹

239 385 385 460 contulit3
407 390 455 448 est
461 384 616 447 undecimi
631 386 727 449 seculi
742 392 775 447 ct
793 386 906 449 dicitur
929 384 1124 449 colbertinus
1135 390 1199 469 pri-

238 491 323 533 mus:
345 472 431 532 cuius
444 473 541 535 varias
556 473 701 535 lectiones
724 471 764 533 cd
781 472 951 535 Achnintrii
973 472 1145 533 editionem
1163 474 1199 537 Α.

239 560 323 622 1812
337 563 495 637 excerptas
508 575 571 619 non
582 558 780 619 iniucundum
793 558 854 619 crit
867 557 965 619 Persii
978 557 1083 619 amicis
1097 557 1200 623 denuc

239 642 473 704 communicatus
487 643 548 703 ium
564 663 601 704 eo
617 644 657 703 de
669 662 760 703 causo
776 644 933 723 occipere,
955 642 1037 721 quod
1052 642 1126 707 inde
1148 663 1200 706 cc·

238 733 400 807 gnoscent,
422 746 513 806 quom
526 728 623 789 soleat
640 728 856 806 Francogulius
870 727 923 789 iilo
937 727 971 789 iu
988 728 1098 807 copiis,
1122 748 1201 807 quoe

237 819 360 891 praesto
375 813 405 873 ei
420 819 516 886 eruut,
538 813 717 874 adhibendis
729 814 889 891 religiosus
905 832 983 874 esse.
1025 814 1084 875 Est
1096 820 1204 875 outcm'

237 897 297 958 hoc
311 898 345 957 in
357 915 394 957 re
408 896 484 957 mihi
497 897 702 975 praedicando
713 898 919 976 maximopere
942 898 1067 976 egregie
1081 897 1201 973 Rocsii,

237 981 454 1054 tunnensis,
474 976 531 1040 viri
556 981 679 1060 optimi,
710 999 784 1060 erge
803 1001 854 1042 me
878 982 1107 1058 benevolentis,
1137 984 1201 1063 qui,

238 1084 331 1144 quum
352 1064 475 1127 Parisiis
495 1065 639 1145 degeret,
668 1066 758 1127 huius
782 1066 897 1129 codicis
919 1067 1085 1146 scripturas
1108 1087 1201 1147 quom

237 1152 307 1212 fleri
321 1156 443 1231 poteret
463 1152 689 1213 accuratissime
710 1152 889 1232 der‚cripsit
910 1152 1045 1230 mihique
1063 1152 1201 1217 edendos

237 1236 401 1300 concessit.
443 1236 513 1317 lpse
529 1239 735 1317 propediem
724 1256 758 1299 ιιι
772 1238 874 1299 lucem
890 1236 975 1299 debit
995 1237 1089 1299 vitem
1102 1237 1201 1301 Bern-

236 1320 449 1401 ir'ordiMngni,
459 1323 716 1384 varietatererum
727 1343 873 1385 novarum
886 1343 922 1385 oc
937 1323 1118 1385 tractatione
1135 1342 1200 1404 qm·

236 1406 418 1506 piissimam
424 1406 509 1465 iuxta
530 1413 621 1482 stque
644 1408 874 1479 ornatissimam.
918 1407 976 1467 cui
997 1408 1221 1485 montrum·

237 1488 418 1551 absoluto
389 1508 455 1550 erus
464 1489 612 1549 historico
627 1490 850 1590 disquisitione
871 1509 943 1552 mox
949 1509 1058 1555 munus
1075 1493 1200 1557 defun

236 1580 289 1635 tur
301 1573 472 1655 publicum,
494 1574 617 1656 quodct
632 1575 724 1634 enimi
733 1576 798 1635 eius
818 1577 896 1637 rotis
911 1577 985 1636 satio
1003 1577 1200 1658 respondent,

237 1665 271 1721 et
283 1660 385 1721 locum
397 1657 545 1738 praebent
558 1659 755 1736 aptissimum
770 1660 824 1719 ubi
846 1659 1025 1721 eruditionis
1048 1663 1153 1741 copies
1165 1668 1202 1725 ct

236 1736 396 1807 doctrinne
410 1741 594 1819 elegantium
610 1741 727 1803 utiliter
740 1748 831 1820 queat
844 1743 995 1805 iuventuti
1009 1762 1202 1824 expromere.

302 1827 448 1895 Ceterum
467 1825 587 1886 adiecto
602 1826 762 1888 estl'ersii
774 1828 855 1901 vito
883 1827 1008 1904 entique
1029 1846 1120 1901 sone
1141 1828 1206 1894 sed'

237 1911 270 1974 in
283 1910 464 1992 quibusdem
483 1911 575 1972 rebus
594 1911 738 1986 confuso
769 1918 801 1971 et
819 1912 886 1972 sine
908 1911 1001 1972 dubio
1024 1929 1043 1971 ι
1060 1911 1205 1990 pluribus

202 2066 206 2074 ¹
236 1996 408 2061 scholiootis
421 1995 609 2075 composita,
631 1997 671 2057 de
685 2016 744 2075 quo
760 1998 787 2058 si
802 1997 890 2076 pluro
908 1995 1075 2076 prudenter
1093 1995 1204 2075 dispu-

236 2090 301 2147 nn
314 2078 421 2164 legere
434 2080 525 2156 velis,
547 2081 688 2144 conferes
700 2082 798 2163 Boylii
810 2080 931 2142 lexicon
946 2078 1119 2141 ctPssoovii
1131 2081 1203 2143 edi·

236 2170 367 2317 unffi
381 2250 500 2327 solete,
520 2247 671 2326 lectores,
692 2249 829 2330 meisque
842 2250 1000 2313 conatibus
1014 2250 1126 2313 fovete.
1190 2302 1193 2307 .
