2414 4140
134 245 188 305 xn
355 245 388 303 a.
424 197 574 335 rursu
606 214 760 302 r'niccr
794 243 907 306 trra
1091 39 1107 303 i

134 386 260 450 miratus
272 391 320 450 est
332 392 364 450 et
374 387 557 463 aemulatus,
574 406 667 467 mum
674 386 815 468 aequales
825 392 944 462 essent,
967 391 1000 449 et
1017 384 1090 450 ilor-

134 481 208 535 nuto
222 473 363 534 minores.
406 473 475 553 lpse
491 475 584 535 etiam
600 474 708 534 decem
722 474 790 535 fere
808 474 893 534 anuis
909 492 1029 533 summe
1045 473 1090 533 di·

134 557 231 619 lectus
246 559 326 638 apud
341 557 510 620 Thraseam
523 565 587 633 cst,
608 558 651 619 ita
661 563 696 619 ut
710 560 956 638 peregrinaretur
971 576 1090 636 quoque

134 661 205 703 cum
221 663 258 704 co
267 643 436 722 aliquando,
445 651 604 722 cognatam
614 644 805 704 eiusAmiam
815 661 941 703 uxorem
947 642 1090 702 habente.

134 724 208 788 Fuit
221 747 340 791 morum
361 726 603 803 lenissimum,
624 729 825 790 verocundiae
837 722 1006 804 virginalis,
1028 727 1090 787 ior-

132 830 202 872 mae
214 813 370 892 pulchrae,
385 814 506 890 pietatis
520 831 592 889 erga
600 819 728 872 matrem
737 819 912 873 etsororem
924 817 956 871 et
969 811 1089 871 amitam
1102 854 1108 873 .

134 896 479 976 exemplouffiusuts.
522 896 594 956 uua
614 895 699 972 frugi
721 900 754 955 et
767 896 911 974 paucus.
954 876 1109 976 neuquid

133 981 216 1042 circa
229 978 283 1040 ns
295 978 356 1039 XX
372 981 462 1041 matri
477 985 508 1040 et
525 977 640 1041 sorori:
662 979 783 1059 scriptis
806 979 845 1039 ad
859 984 988 1040 matrem
1009 979 1108 1041 codir

133 1065 229 1139 ciliis,
249 1065 465 1142 rogantem,
487 1069 522 1124 ut
543 1064 637 1124 daret
646 1063 782 1124 Cornuto
797 1065 954 1138 sestertia,
976 1071 1012 1126 ut
1026 1064 1090 1144 qui-

133 1149 204 1210 dam
218 1149 338 1222 dicunt,
360 1154 498 1223 centum,
518 1154 554 1210 ut
573 1149 624 1209 alii
645 1150 765 1224 volunt,
788 1150 906 1228 argenti
930 1149 1004 1210 iacti
1014 1169 1096 1231 pou·

132 1234 209 1295 ders
228 1232 352 1313 rigimh
380 1239 413 1293 ct
437 1234 531 1301 libros
555 1234 652 1311 DCC,
681 1235 745 1297 sive
764 1235 980 1297 bibliothecam
1004 1244 1092 1301 suam

132 1334 279 1381 omnem«-
318 1316 434 1381 Verum
457 1320 626 1395 Cornutus,
654 1320 778 1382 sublatis
798 1320 903 1394 libris,
931 1320 1091 1400 pecuniam

57 1464 60 1469 .
130 1404 295 1475 sororibus,
309 1402 487 1479 qnosfrater
499 1404 631 1465 heredes
643 1404 770 1479 fecerat,
781 1406 913 1483 reliquit.
955 1404 998 1465 Et
1010 1414 1091 1479 raro,

131 1486 267 1550 et-tarue
284 1487 414 1566 scripsit
455 1488 546 1549 Hunc
558 1489 658 1567 ipsum
669 1488 780 1549 librum
793 1489 1008 1568 imperfectum
1019 1488 1091 1549 reliss

130 1572 215 1652 quit:
236 1590 340 1632 versus
353 1572 580 1653 aliqui-dempti
592 1580 662 1634 runt
673 1574 706 1633 in
718 1574 923 1653 ultimc¹libri3
946 1579 995 1648 et,
1017 1592 1091 1651 qua·

93 1661 97 1667 '
131 1656 275 1718 siduitas
291 1656 382 1731 cesset,¹
398 1657 507 1718 leuiter
520 1657 817 1718 recitauitcornuto:
839 1663 873 1717 et
880 1656 988 1717 Caesio
996 1658 1091 1719 Basso

130 1734 399 1821 petenti,'utipse
411 1743 532 1816 ederet,
555 1741 682 1802 tradidit
703 1741 865 1801 edendum.
920 1740 1092 1821 Scripserat

130 1827 225 1887 ctiam
237 1827 270 1887 in
285 1827 416 1905 pucritia
431 1828 558 1887 Flaccus
577 1825 788 1900 Praeteritum,
811 1830 842 1886 et
866 1817 1092 1903 ὁδοιπορικῶν

129 1909 243 1971 librum
266 1929 375 1984 unum,
404 1917 436 1972 et
459 1929 573 1991 paucos
587 1911 621 1971 in
643 1928 780 1971 sororem
805 1909 961 1969 Thraseae
982 1909 1092 1972 Arriae

130 2000 261 2057 matrem
276 2012 400 2069 versam,
422 2016 500 2075 quae
516 2015 550 2056 se
564 2001 633 2055 ante
650 1995 747 2056 virum
768 1994 930 2055 occiderat
982 1992 1093 2055 Omnia

130 2087 235 2143 autem
242 2077 392 2141 Cornutus
407 2088 513 2142 auctor
525 2076 591 2141 fuit'
600 2080 691 2140 matri
699 2080 775 2153 ciuus,
789 2083 825 2138 ut
841 2076 985 2137 aboleret
1014 2077 1090 2141 nde

129 2164 320 2227 tumiibrum
338 2166 480 2224 continuo
495 2165 599 2223 mirari
612 2164 760 2235 homines,
775 2167 811 2247 ct¹
823 2161 965 2240 deripere
980 2181 1090 2240 coepe*

129 2255 214 2310 tuuc
252 2248 391 2320 Decessit
399 2247 581 2308 autemritio
588 2247 752 2320 stomachi,
774 2264 853 2305 anno
866 2246 974 2306 aetatis
991 2244 1088 2307 XXX.

66 2330 69 2339 ’
130 2333 196 2394 Sed
206 2352 278 2394 mox
290 2339 325 2394 ut
340 2352 357 2392 a
372 2331 476 2392 schola
490 2336 523 2391 et
538 2329 689 2406 magistris
703 2330 894 2403 deverterat,
916 2330 998 2392 lecto
1011 2330 1089 2393 libro

130 2416 243 2479 Lucilii
263 2417 399 2489 decimo,
421 2416 619 2475 vehementer
634 2414 741 2475 satiras
758 2432 941 2492 componere
957 2414 1088 2476 studuit:
1108 2424 1110 2429 '

130 2504 219 2563 cuius
229 2503 299 2563 libri
306 2500 489 2582 principium
496 2494 630 2559 imitatus
645 2504 701 2574 est,
715 2499 774 2559 sibi
785 2499 896 2577 primo‚‘
911 2518 981 2560 mox
993 2500 1088 2559 omni·
1108 2560 1110 2571 ,

130 2587 188 2649 hus
207 2587 448 2658 detrectaturrrs,
477 2602 548 2644 cum
565 2588 649 2644 tanto
671 2583 842 2644 recentium
864 2590 1025 2662 poetarum
1040 2640 1042 2645 ,
1056 2585 1088 2643 et
1108 2594 1110 2601 '

17 2672 20 2677 ’
131 2677 286 2732 oratorum
295 2669 503 2743 insectatione,
518 2675 553 2731 ut
568 2669 660 2730 etiam
666 2668 821 2730 Neronem
836 2667 1021 2749 culpaverit:
1036 2685 1087 2729 cu·

130 2756 178 2818 ius
192 2775 296 2817 uersus
309 2755 341 2816 in
356 2755 510 2815 Neronem
523 2774 614 2832 quum
630 2754 674 2813 ita
687 2773 721 2814 se
736 2753 880 2827 haberet,
979 2802 982 2809 .
1078 2762 1082 2775 ·

345 2838 504 2901 dulciculas
520 2839 595 2900 asini
609 2838 695 2899 Mida
709 2858 764 2898 rex
777 2838 882 2909 habet,
950 2868 953 2873 ·

129 2924 164 2987 in
177 2924 261 2988 hunc
271 2923 397 2986 modum
415 2943 434 2985 a
449 2923 583 2985 Cornuto
603 2924 670 3004 ipso
683 2920 893 2985 tantummodo
916 2925 964 2983 est
984 2936 1087 2985 omen·

131 3008 229 3084 dms,
346 3067 504 3156 Auriculas
520 3040 596 3153 asini
607 3040 673 3170 quis
687 3108 750 3151 non
762 3091 880 3154 habeti

131 3198 172 3247 ne
185 3179 245 3243 hoc
259 3179 343 3243 Nero
359 3181 392 3241 in
405 3198 439 3241 sc
452 3178 568 3239 dictum
582 3177 788 3240 arbitraretur.
900 3226 904 3235 .
