2454 4110
407 342 793 405 ANNOTATIONEs.
1043 343 1088 411 58

130 488 249 572 quidem
260 488 405 558 humilem,
424 491 514 564 qualis
528 500 568 546 est
585 491 678 548 satire.
700 489 852 562 Koenigius
863 490 987 545 Panium
999 491 1031 545 in
1041 491 1085 547 his

129 560 185 612 sihi
197 561 289 628 ipsum
306 562 427 615 nimium
437 563 563 615 tribuere
578 562 724 628 erisfimat,
743 560 789 613 cui
802 577 913 630 quoquc
927 563 1029 614 Censor
1039 566 1086 614 le-

129 629 225 681 nensis
237 631 319 685 1822
337 632 418 687 Octb.
444 631 609 700 assentitur,
632 630 746 683 laudem
764 637 874 697 tamen,
897 645 983 699 quam
1022 638 1087 684 oeta

129 696 187 749 sibi
198 698 303 768 fingat,
320 716 378 752 non
388 701 566 756 toleraturus.
602 704 694 764 Quare
706 698 804 752 scribit
813 719 924 771 sequere
932 696 985 766 syll
1021 716 1086 752 am-

108 814 114 825 .
130 782 189 836 que
203 788 218 820 e
230 767 348 835 produci
363 769 402 820 ait
415 777 443 821 et
457 785 571 822 caesura
588 777 617 820 et
627 769 696 822 ictu.
731 768 785 819 Sed
797 775 994 837 praeterquam
1009 768 1086 837 quod

131 842 295 902 contextus,
317 836 455 906 siquidem
474 837 669 895 antecedentia
685 837 771 889 verba
793 834 994 889 consideranda
1013 845 1086 903 sunt,

131 904 339 957 correctionem
352 906 435 958 istam
450 906 508 959 no'n
520 907 658 972 admittit,
675 923 733 959 non
749 905 847 970 video,
863 904 894 957 in
906 921 962 974 qua
972 920 1005 955 re
1017 906 1087 956 Per-

129 973 188 1025 sius
195 972 313 1026 nitnium
328 974 380 1027 sibi
390 976 538 1029 tribuendo
570 975 718 1031 secaverit.
750 977 792 1027 Ne
804 975 909 1044 ubique
925 972 998 1092 apud
1009 981 1086 1025 vete·
1137 974 1139 978 '

128 1058 178 1094 res
200 1058 262 1093 eam
283 1042 472 1096 desideremus
491 1061 539 1096 mo
561 1045 675 1110 ostiam,
700 1042 747 1095 cui
766 1052 878 1095 nostrae
889 1042 948 1093 mol
961 1058 990 1093 es
1003 1056 1085 1094 aures

129 1108 266 1163 adsuetae
277 1119 349 1166 sunt.
383 1111 501 1178 Deinde,
516 1121 548 1164 ut
561 1129 622 1163 nor.
630 1127 864 1176 commemorem,
881 1111 957 1180 quod
975 1113 1086 1163 Cornu-

129 1186 177 1233 tus
194 1178 224 1232 h.
239 1179 260 1234 l.
276 1181 401 1233 Persium
414 1182 569 1233 concinnae
585 1179 811 1249 compositionis,
827 1178 967 1231 rotundae
982 1188 1010 1231 et
1023 1195 1087 1231 mo·

130 1247 214 1301 dicae
230 1248 364 1301 orationis
383 1248 522 1302 artificem
542 1249 683 1317 appellat,
700 1248 792 1300 laudis
805 1247 877 1300 nihil
895 1247 988 1300 verbis
1005 1247 1088 1312 inest,

131 1332 206 1388 quae
224 1334 283 1369 non
301 1334 411 1387 summo
431 1318 492 1370 iure
516 1317 552 1370 ad
566 1327 666 1398 poetae
682 1317 780 1369 satiras
792 1317 938 1387 pertineat.
954 1344 991 1357 ·-
1010 1320 1088 1370 Terin

129 1385 300 1441 auctoritate
313 1387 395 1441 codd.
408 1403 482 1439 suor.
496 1403 632 1455 omnium,
645 1395 757 1456 praeter
770 1386 832 1447 cod.
846 1385 968 1439 Colbert.
976 1386 996 1440 I.
1011 1402 1088 1437 sum-

130 1455 170 1509 sit
180 1454 358 1507 Achaintrius
373 1472 425 1524 pro
440 1471 518 1522 teres,
537 1456 621 1526 quod,
639 1465 673 1508 ut
686 1455 822 1509 sermonis
838 1454 1011 1508 concinnitas
1024 1468 1088 1506 ser-

130 1531 224 1591 vetur,
240 1522 461 1593 praeferendum
473 1540 583 1579 censeo.
604 1530 700 1582 Terere
715 1527 798 1581 verbo
813 1532 884 1578 esset
896 1523 989 1594 idem,
1010 1521 1088 1594 quod

129 1601 256 1647 tornare.
403 1618 408 1625 ·

202 1666 248 1717 Vs.
267 1663 310 1719 19.
342 1665 457 1720 bullatis
472 1688 507 1707 -
522 1666 584 1719 Hoc
608 1661 715 1736 aptius,
747 1680 834 1735 quam
849 1664 978 1737 pullatis,
1009 1659 1088 1732 quod

129 1729 322 1799 Acbaintrius,
339 1734 421 1789 codd.
438 1750 515 1788 suor.
531 1734 648 1806 vestigia
663 1734 752 1788 nimia
775 1750 840 1786 cum
860 1750 929 1786 curu
948 1746 1089 1800 premens,

130 1799 251 1868 recepit,
258 1802 390 1872 ¹quodque
401 1802 517 1856 librario
530 1805 575 1856 vel
588 1805 737 1856 scribendo
751 1801 915 1868 erranti,vel
929 1800 1088 1853 doctrinam

130 1868 285 1921 ostentanti
303 1871 440 1943 originem
463 1872 559 1925 debet.¹
590 1871 751 1941 Respondet
762 1879 847 1950 poeta
859 1871 991 1934 Cornuto,
1008 1875 1087 1919 recte

128 1937 225 2006 ipsum
237 1936 359 2002 habas,
418 1938 456 1990 od
467 1955 525 1989 non
539 1944 635 2004 putat,
653 1955 683 1988 se
696 1937 811 2004 turgida
822 1944 851 1986 et
861 1934 939 1985 inani
959 1935 1089 1985 oratione

128 1998 193 2071 uti}
210 2020 241 2055 se
255 2005 332 2055 enim
351 2021 388 2054 no
412 2020 538 2055 ecoram
549 2003 633 2070 vulgo
647 2002 677 2053 lo
720 2002 743 2065 ',
761 2001 811 2053 sed
822 2016 888 2052 cum
903 2008 1088 2068 praeceptore

128 2088 202 2135 suo,
220 2086 344 2139 quocum
364 2069 482 2122 candida
504 2078 532 2121 et
549 2069 658 2121 sincere
692 2077 827 2139 oquatur,
846 2067 948 2138 cuique
960 2067 1088 2122 animum

130 2137 341 2209 explorandum
352 2137 623 2208 examinandumque
635 2138 739 2192 tradat.
788 2180 791 2184 .

201 2208 248 2263 Vs.
264 2209 309 2262 2⁵.
322 2212 416 2279 pictae
427 2212 543 2263 tectoria
557 2210 669 2280 linguae
680 2234 715 2248 -
730 2204 749 2260 i.
762 2222 786 2261 a.
801 2204 899 2259 dolosa
913 2214 943 2260 et
954 2203 1089 2260 simulata

128 2277 246 2348 linguae
259 2275 374 2328 fucatas
386 2283 415 2328 et
430 2275 590 2329 adulatricis
600 2276 700 2328 oratio.
718 2274 781 2333 Vid.
796 2277 952 2333 Gesacum
964 2276 1089 2328 thesaur.

130 2346 185 2401 sub
201 2347 431 2410 sacellanum,
448 2346 525 2416 quod
544 2346 720 2398 Gasnubonus
732 2343 762 2396 in
778 2344 869 2397 trihus
880 2345 1090 2467 fflwimis’

129 2411 309 2469 Achaintrius
320 2414 350 2467 in
363 2430 466 2467 novem
483 2414 626 2468 codicibus
637 2413 751 2480 invenit,
768 2429 869 2466 vocem
906 2414 912 2427 '
936 2414 942 2426 '
958 2414 964 2425 '
977 2431 1089 2479 nuncu·

116 2491 182 2554 pst
196 2481 322 2537 Orellius.
354 2482 472 2536 Accedit
491 2482 644 2535 Burmanni
664 2481 802 2535 correctio
820 2487 967 2548 tinctorio,
984 2483 1015 2535 in
1030 2487 1089 2534 An-

130 2550 304 2622 tholog.·lat.
315 2559 336 2605 t.
354 2555 389 2605 ll.
406 2569 441 2620 pa
463 2552 540 2608 .419.
555 2550 709 2621 proposita.
742 2552 850 2603 Tamen
861 2551 975 2620 vulgata
989 2550 1088 2604 locum

131 2621 241 2691 optime
261 2627 355 2686 tenet,
374 2636 409 2673 oo
495 2628 543 2672 ata
555 2636 667 2690 quoqne
683 2618 786 2671 Aurelii
799 2619 944 2689 Augustini
964 2619 1088 2670 auctori-

130 2698 202 2756 tata,
219 2688 268 2761 qui
279 2688 405 2741 Persium
417 2688 445 2744 h.
461 2688 481 2744 l.
498 2689 622 2757 imitatus
638 2686 756 2739 videtur.
792 2689 929 2753 “Hortor,
946 2687 1045 2755 inquit,
1057 2695 1090 2738 ut

131 2758 292 2813 litterarum
306 2773 372 2811 vere
387 2765 519 2827 certeque
541 2766 699 2809 sanctarum
712 2755 803 2808 studio
821 2763 850 2808 te
861 2771 959 2808 curam
974 2771 1031 2806 non
1042 2755 1089 2821 pi-

131 2834 200 2899 geat
211 2826 383 2895 impendere.
417 2824 532 2879 Sincera
544 2826 620 2878 enim
639 2834 668 2877 et
678 2824 767 2876 solida
780 2840 825 2876 res
844 2834 902 2889 eet,
920 2840 974 2876 nec
985 2822 1089 2875 fucatis

132 2894 252 2965 eloquiis
273 2894 364 2946 arnhit
380 2893 416 2946 ad
437 2896 576 2960 animum,
593 2911 647 2947 nec
667 2893 726 2946 ullo
739 2893 851 2964 linguae
868 2892 989 2948 tectorio
1005 2892 1088 2947 inane

131 2962 289 3035 aliquidne
303 2962 456 3031 pendulum
472 2963 619 3032 crepitat.”

203 3035 249 3086 Vs.
267 3033 311 3087 26.
321 3036 414 3085 'His-
421 3033 466 3085 Sic
484 3032 600 3112 plurimi
620 3030 702 3085 codd.
717 3028 879 3096 thaintrii,
897 3028 963 3084 God.
980 3027 1088 3081 Wima·

130 3101 232 3157 riensis
252 3109 280 3152 et
300 3100 517 3155 Chemnicensis:
534 3100 583 3153 alii
601 3104 665 3155 hino
683 3100 802 3166 habent,
859 3098 896 3151 od
909 3097 939 3151 h.
964 3097 984 3151 1.
1003 3097 1088 3151 nimis

130 3171 211 3225 forte
231 3177 281 3222 est.
314 3169 457 3222 Passovius
478 3178 507 3222 et
521 3169 638 3222 Orellius
657 3186 724 3222 cum
739 3117 901 3221 onesimo
919 3166 1037 3238 aliisque
1055 3182 1089 3219 ex

130 3237 275 3295 nonnullis
287 3237 369 3290 libris
377 3254 442 3289 uns.
458 3242 504 3291 hic
516 3239 660 3291 dederunt.

202 3308 247 3360 Vs.
263 3306 306 3361 81.
314 3310 470 3361 succinctis
481 3309 642 3362 Loribzes-
654 3306 740 3377 quod,
753 3305 883 3358 Turnebo
896 3312 1021 3371 auctore,
1038 3303 1088 3354 hn-

129 3376 196 3431 hitu
217 3374 459 3455 peregrinantium
473 3376 617 3442 (coluntur
630 3376 660 3427 in
676 3377 736 3440 viis,
754 3374 883 3443 compitis
911 3382 991 3425 erant
1004 3371 1088 3440 pelli-

130 3446 186 3498 bus
199 3442 396 3512 amictr‚'cum
409 3459 479 3499 cana
492 3445 605 3501 comite.
628 3446 711 3497 Lares
724 3442 811 3497 viales
822 3460 857 3513 ap
908 3442 1087 3495 Plautllerc.
