2454 4110
120 301 164 368 34
410 296 784 355 iuuorurtoues.
854 346 859 355 .

119 463 184 568 tit
197 462 339 569 litut
347 438 1082 585 tillttit‘il‘ttztituttsitjitlitiu'tt

119 586 216 639 hulam
228 595 305 638 certo
321 586 477 657 eloquitur,
498 589 636 637 Romanos
657 585 765 639 scilicet
780 586 959 653 maximeque
979 598 1086 653 proce-

119 672 164 709 res
182 665 316 725 comtpto
331 664 359 707 et
369 672 455 724 pravo
471 655 577 709 iudicio
593 671 661 708 esse.
888 686 902 698 ·-
1017 687 1027 696 ·-
1080 688 1083 695 ·

190 728 235 777 Vs.
251 728 308 781 tto.
335 728 403 779 Inde
421 741 557 797 vaporata
570 753 606 763 -
619 728 737 798 lomes
755 722 929 774 Britannicus
948 720 1082 776 adnotet:

121 798 201 860 unde,
220 810 252 845 ex
266 811 332 863 quo.
355 798 432 847 Unde
443 794 594 873 legendum
606 802 657 860 est,
671 810 730 845 non
740 796 813 846 inde.
831 792 877 843 Sic
890 808 1007 871 quoque
1019 788 1082 847 cod.

120 864 298 915 Chemuiceu.
305 871 335 914 et
345 863 442 931 plures
452 864 583 933 antiquae
592 862 740 914 editiones:
755 878 840 931 qtiem
851 868 1027 929 scripturam
1035 860 1083 915 de·
1119 895 1121 906 ·

119 932 213 985 fendit
231 934 404 1000 Wagnerus,
423 940 452 982 et
472 947 573 983 censor
591 930 621 981 iu
640 931 755 999 Ephem.
773 931 1083 987 leneus.au.1822.ni.
1119 930 1121 978 ἱ

121 1004 180 1057 198.
199 1001 253 1067 sic,
271 1008 304 1052 ut
320 1000 367 1052 hic
385 999 524 1053 lectorem
542 998 698 1071 intelliget,
717 998 767 1071 qui
783 998 859 1069 quod
879 999 933 1051 sihi
945 1000 1082 1054 vitiorum

119 1072 149 1123 in
162 1070 251 1121 satiris
265 1077 429 1121 notatorum
445 1068 572 1122 conscius
582 1068 628 1137 rit,
641 1070 749 1138 pudore
764 1068 940 1122 suffundente
953 1078 983 1122 et
995 1068 1083 1123 animi

120 1139 308 1191 sollieitudine
324 1138 454 1209 agitetur.
480 1142 557 1203 Quae
574 1140 712 1192 sententia
725 1139 796 1191 mihi
809 1138 924 1208 quidem
936 1138 1032 1191 aliena
1047 1138 1082 1193 ab

120 1208 253 1262 hocloco
267 1208 391 1261 videtur:
410 1217 489 1277 optat
507 1208 562 1261 ubi
579 1209 672 1278 potius
688 1219 773 1279 poeta
789 1217 820 1260 et
832 1208 933 1261 invitat
950 1208 1082 1275 lectores,

121 1278 171 1349 qui
184 1280 359 1331 Graecorum
372 1278 547 1331 comicorum
561 1279 673 1347 scriptis
685 1279 869 1331 delectentur.
893 1281 956 1342 Qua
967 1278 1083 1333 decau-

121 1365 152 1399 sa
174 1348 296 1417 praetuli
325 1348 478 1399 lectionem
503 1351 585 1413 inde,
604 1365 690 1417 quam
716 1348 863 1400 'liuneburc
882 1346 1010 1404 Adversa.
1033 1348 1081 1403 lit.

120 1418 246 1470 XXVIH.
256 1417 470 1469 c.XXV1.bene
484 1417 524 1470 sic
539 1416 674 1485 explicat:
692 1420 816 1470 “Lector
830 1416 939 1469 ferveat
951 1432 1082 1471 meorum

121 1482 215 1538 studio
236 1493 418 1554 poematum,
445 1494 473 1537 et
484 1484 555 1555 *iude
580 1494 716 1555 vaporata
729 1496 757 1539 et
778 1486 917 1539 calefacta
929 1488 1083 1559 efleteque

121 1570 207 1619 nure,
225 1552 301 1623 quod
323 1562 351 1605 et
372 1553 491 1605 audierit
503 1560 542 1605 'et
558 1555 779 1623 pervolutaverit
798 1556 925 1609 comicos
945 1560 1083 1611 vaterem*

120 1626 193 1677 Nam
209 1639 295 1694 quem
311 1622 437 1692 primum
452 1623 558 1677 efflavit
577 1623 716 1691 Cratinus,
736 1625 837 1677 deiude
851 1624 962 1705 Eupolis
980 1634 1011 1679 et
1024 1624 1084 1679 tria

121 1693 271 1761 stophaues
281 1693 478 1757 accenderunt,
487 1694 510 1744 is
526 1693 596 1743 mihi
609 1693 728 1761 denique
741 1693 860 1759 ferveat,
875 1704 915 1745 art
928 1704 1025 1764 poeta,
1032 1696 1082 1755 te

121 1778 187 1814 mea
206 1762 261 1813 scri
281 1771 310 1814 tn
331 1778 396 1814 curu
413 1764 526 1814 fervore
541 1769 569 1831 et
583 1758 788 1833 ardore'legat.
819 1762 875 1815 Alii
891 1768 961 1819 Inde
970 1766 1084 1819 malunt

121 1829 225 1885 referri
238 1780 280 1884 ad
286 1833 372 1884 verba
387 1837 413 1886 si
427 1834 493 1905 quid
505 1834 651 1883 decoctius.
1075 1834 1097 1860 ·⁴

191 1902 236 1954 Vs.
251 1904 312 1956 128.
334 1906 472 1975 possit-
486 1899 682 1951 Coniunctivur
697 1902 787 1970 possit
804 1898 835 1951 in
852 1898 907 1951 hac
929 1902 1084 1957 verberim

122 1971 321 2024 coniunctione
339 1971 431 2041 aptior
442 1969 512 2021 mihi
524 1968 635 2021 videtur
650 1967 739 2019 altero
752 1974 857 2040 poscit,
875 1968 952 2038 quod
971 1970 1000 2021 in
1015 1990 1084 2025 non·

121 2041 206 2093 nullis
220 2040 302 2094 codd.
320 2040 469 2108 iuvenitur,
488 2038 620 2109 quodque
630 2038 667 2090 oh
677 2038 891 2095 antecedentem
901 2038 1085 2099 indicativum

121 2109 304 2173 librariorum
315 2110 399 2181 culpa
410 2111 470 2164 siue
485 2109 570 2177 dubio
584 2108 698 2162 illatum
711 2115 761 2182 est.

356 2310 359 2315 .
429 2248 682 2329 'surru's
721 2264 767 2331 ·ΙΙ.

193 2382 239 2434 Va.
255 2381 281 2435 6.
300 2379 540 2433 litavit-Plures
550 2378 616 2432 libri
625 2378 732 2433 hahent
752 2383 865 2451 libabit,
883 2391 914 2438 at
934 2382 1006 2439 illud
1019 2400 1085 2441 cum

123 2450 152 2505 ri
163 2449 260 2502 coristi
275 2448 492 2518 praeferendum
507 2466 623 2516 censeo,
643 2468 728 2531 quem
741 2470 827 2522 quum
843 2455 926 2507 multi
945 2455 976 2507 iu
990 2454 1085 2509 latinis

123 2519 307 2588 scriptoribus
324 2536 478 2589 agnoscere
493 2518 617 2586 nollent,
636 2536 694 2571 eius
712 2521 793 2588 loco,
811 2524 860 2576 ubi
872 2524 1009 2577 facillime
1022 2523 1085 2579 fieri

122 2598 253 2660 poterat,
272 2588 400 2641 futurum
420 2589 603 2643 inferebatur.
639 2588 681 2643 cf.
699 2591 822 2649 luveuel.
839 2598 895 2649 Sat.
914 2596 964 2647 lX.
982 2610 1023 2648 rs.
1041 2596 1084 2651 θα

122 2662 264 2727 servavit,
283 2657 332 2711 ubi
348 2658 395 2709 alii
413 2663 551 2719 servabit5
567 2662 614 2711 111.
638 2675 677 2713 ve.
697 2663 756 2715 166.
774 2666 846 2734 quod
867 2678 945 2733 turpe
961 2668 1086 2737 negavit,

123 2728 173 2783 elii
192 2732 314 2801 negabit.
332 2728 372 2780 cf.
392 2731 449 2782 sat.
466 2732 502 2780 X.
521 2745 560 2782 vs.
578 2730 603 2783 7.
621 2729 684 2783 vid.
704 2732 828 2787 Gronov.
844 2732 881 2785 ad
901 2736 1000 2789 senec.
1016 2732 1086 2805 Hip·

122 2799 182 2870 pol.
200 2815 240 2853 vs.
261 2802 320 2853 510.
340 2808 368 2850 et
384 2800 420 2850 ad
431 2798 517 2851 eiusd.
534 2798 612 2866 epist.
633 2798 675 2853 14.

194 2869 240 2920 Vs.
251 2867 291 2925 14.
310 2874 467 2921 Ducitnr-
477 2872 605 2921 conditur
610 2867 701 2937 glossa
715 2876 758 2919 est
770 2868 852 2921 huius
863 2870 1019 2940 scripturae
1029 2871 1087 2927 iun

124 2937 246 3008 antiquis
259 2937 434 3004 temporibus
447 2936 521 2989 male
535 2936 705 2990 intellectae.
739 2941 826 2991 Recte
841 2957 903 2993 eam
916 2942 1086 3010 iuterpreta-

123 3015 173 3059 tur
190 3010 301 3075 Scoppa
313 3007 343 3059 in
354 3006 468 3059 Collect.
485 3010 519 3058 ΙΙ.
538 3024 563 3058 c.
577 3009 619 3060 12.
655 3008 778 3060 “armus
793 3012 888 3062 uxoris
900 3013 1027 3065 mortem
1038 3012 1087 3065 de·

124 3076 250 3129 sidereus
271 3076 495 3142 invidet·Nerio,
521 3075 568 3144 qui
588 3074 696 3128 duabus
723 3079 842 3131 mortuis
860 3079 995 3133 uxoribus
1016 3091 1087 3135 tunc

124 3144 240 3196 tertiam
257 3144 393 3212 ducebat,
413 3154 441 3197 et
456 3145 496 3197 sic
512 3145 681 3198 ditescebet:
699 3153 729 3195 at
744 3146 802 3215 ipse
814 3166 902 3216 suam,
921 3166 1008 3219 quam
1023 3150 1087 3205 uui·

125 3230 190 3266 cam
199 3212 331 3281 habebat,
343 3214 462 3284 sepelire
476 3232 532 3267 non
539 3220 679 3283 poterat.’'
689 3214 760 3268 Vide
773 3218 858 3271 etiam
872 3228 969 3271 catum
981 3221 1087 3273 Gesne-

125 3299 192 3335 rum
206 3281 235 3333 in
257 3281 338 3339 lexic.
355 3301 376 3335 ε.
394 3302 420 3339 v.
440 3288 546 3339 deterre·
580 3286 690 3336 Ducere
708 3300 840 3355 uxorem,
859 3297 892 3341 ut
906 3289 944 3340 sit
956 3289 1088 3359 sepelire,

124 3350 217 3404 Latini
229 3368 285 3403 nou
299 3351 409 3419 dicunt,
427 3354 480 3406 uisi
495 3353 589 3406 addito
609 3352 723 3422 funere,
741 3357 787 3409 vel
800 3358 952 3428 exsequiis,
970 3359 1018 3411 rel
1032 3360 1089 3413 alie

125 3438 211 3494 voce,
229 3421 328 3494 quihus
346 3422 456 3479 dativur
478 3439 633 3496 personae,
651 3440 723 3497 quea
740 3426 888 3498 repetitur,
905 3426 1090 3501 rulgouoee»
