2414 4140
420 242 790 302 suuorsrrouas.
1041 248 1081 311 31
1140 272 1142 277 -

117 391 1019 526 raude..tretisusitiuntsistri
1032 409 1084 464 ‘'0‘

192 534 238 587 vs.
250 532 292 586 89.
310 534 390 583 Hunc
403 547 514 582 versum
525 530 666 583 Stieberus
681 540 709 582 et
719 531 871 600 Koenigius
881 535 918 585 ob
929 534 1084 586 verbosita·
1119 576 1122 583 .

117 608 182 655 tem
196 600 283 653 totius
294 599 361 668 loci,
379 616 454 669 quae
463 599 596 651 brevitati
609 601 754 653 Persianae
767 601 896 653 dictionis
909 620 966 653 non
982 619 1085 655 conve-

117 670 191 733 niat,
208 668 357 721 insititium
371 677 494 721 censent.
513 669 566 720 Sed
578 686 663 738 quam
679 671 755 721 cauti
766 671 795 720 in
809 671 997 741 expungendis
1010 672 1084 723 eius-

118 738 202 793 modi
215 737 348 791 orationis
360 738 489 790 ubertate
499 737 569 791 locis
581 741 714 809 suspectis
725 739 874 791 debeamus
888 756 956 804 esse,
963 741 1085 793 ostendit

117 808 241 879 Iacobus
256 807 286 858 in
301 825 362 876 cap.
379 810 412 860 V.
427 808 629 871 Quaestionum
648 808 861 862 Lucianearusn.
895 809 1002 862 Persius
1019 809 1046 859 h.
1062 809 1083 865 l.

118 877 196 929 iusto
208 876 353 929 veibosior
363 886 420 944 est,
438 876 505 946 quia
516 878 644 948 vulgares
659 887 688 930 et
706 895 788 946 saepe
805 878 912 930 auditas
932 878 993 929 aevi
1009 877 1085 929 illius

118 945 269 1011 formidas,
276 947 376 1014 quibus
389 955 491 1014 poetae
505 946 630 999 defuncti
636 947 831 1014 laudabantur,
839 948 956 999 irridere
965 946 1085 1001 videtur.

166 1058 169 1063 .
192 1016 239 1068 Vs.
253 1017 297 1070 59.
316 1016 366 1067 Vir
378 1015 477 1067 doctus
494 1017 524 1066 in
536 1016 604 1068 actis
621 1016 753 1068 literariis
768 1018 929 1069 lenensibus
943 1034 987 1069 an.
1005 1018 1084 1071 1822.

118 1100 150 1140 n.
171 1085 230 1139 198.
248 1083 418 1136 infinitivum
437 1088 544 1138 imitari
562 1101 595 1135 ex
606 1086 719 1136 .Heinsii
737 1085 849 1139 Advers.
865 1104 893 1154 p.
909 1090 953 1142 29.
973 1093 1000 1136 et
1017 1089 1086 1135 bur·

119 1152 221 1206 manni
236 1153 340 1224 Syllog.
350 1171 394 1222 ep.
408 1161 430 1206 t.
441 1153 587 1222 ruptae.
594 1171 654 1222 sqq.
662 1163 807 1222 acceptum
822 1164 926 1219 tuetur,
933 1156 1086 1205 verborum

121 1221 322 1275 coniunctione
335 1225 375 1274 sic
388 1221 531 1276 ordinata:
550 1226 571 1272 0
586 1224 662 1290 Iane,
677 1240 762 1291 quem
780 1224 858 1275 nulla
870 1224 978 1275 ciconia
988 1223 1083 1291 pinsit,

119 1308 178 1345 nec
190 1307 289 1343 manus
302 1292 395 1360 pinsit,
406 1291 520 1343 mobilis
537 1291 643 1343 imitari
653 1292 681 1358 (i.
690 1309 713 1344 e.
729 1292 765 1344 ad
777 1293 936 1360 imitandas)
946 1292 1086 1344 auriculas

121 1360 211 1415 aibas.
230 1362 410 1427 Sed-vereor,
428 1378 464 1413 ne
476 1367 580 1433 pinsit,
601 1361 726 1413 cicarriaa
741 1363 929 1431 aptissimum,
949 1359 1086 1414 etiamad

120 1440 221 1485 ritanus
233 1430 307 1483 uehi
318 1440 410 1501 queat.
443 1431 592 1503 vulgatam
603 1435 715 1487 imitata
728 1447 771 1485 est
785 1433 961 1485 retinendam
975 1448 1085 1499 censeo,

121 1498 210 1553 modo
226 1516 260 1553 ex
273 1500 433 1553 accusativo
455 1500 563 1552 relativi
582 1522 659 1572 quem
671 1501 799 1569 suppleas
812 1507 865 1568 cui,
878 1503 898 1553 i.
921 1518 945 1555 e.
965 1501 1042 1552 cuius
1054 1500 1086 1551 in

122 1570 327 1622 contumeliam
344 1570 423 1622 nulla
436 1586 536 1621 manus
548 1587 564 1620 a
575 1578 656 1639 tergo
676 1568 752 1621 albas
767 1571 836 1623 asini
851 1588 930 1622 aures
943 1569 1085 1636 expressit.

121 1637 263 1691 Iuvenalis
284 1643 339 1693 Sat.
366 1641 440 1692 XIV.
466 1655 505 1694 ts.
527 1640 585 1694 106.
603 1639 652 1690 Gui
673 1640 791 1707 septima
833 1656 940 1708 uaeque
958 1639 1013 1690 fuit
1038 1638 1088 1688 lux

121 1707 247 1777 Ignara,
267 1716 294 1760 et
310 1708 380 1777 (qui)
396 1717 509 1777 partem
529 1708 602 1760 vitae
617 1726 674 1760 non
690 1708 782 1779 attigit
796 1658 890 1763 uitam.
907 1709 995 1760 Plaut.
1014 1707 1086 1761 aud.

121 1785 180 1830 act.
195 1779 230 1828 ΙΙ.
250 1792 290 1829 sc.
310 1780 334 1832 1.
352 1793 392 1833 vs.
405 1782 433 1833 2.
459 1777 565 1840 Quibus
579 1794 632 1829 nec
646 1787 776 1846 quaestus
791 1785 848 1843 est,
865 1778 943 1844 nec(
962 1778 1002 1845 ui)
1016 1775 1088 1827 didi-

122 1854 296 1969 egrasprplepr
309 1845 407 1902 ullam.
423 1846 486 1908 Vid.
503 1846 634 1899 Ruddiin.
652 1846 781 1900 institutt.
799 1864 841 1917 gr.
853 1847 900 1899 lat.
913 1795 990 1916 pii.
1007 1846 1086 1914 pat.

122 1930 139 1969 e
219 1932 235 1966 a
278 1932 352 1968 aum.

135 2004 153 2050 '.
195 1986 241 2037 Vs.
258 1984 302 2037 61.
320 1982 505 2062 forest—i.
529 1999 554 2033 e·
577 1983 676 2048 quibus
694 1983 863 2049 denegatum
880 1999 897 2031 a
917 1989 1017 2032 natura
1037 1989 1087 2045 est,

119 2050 221 2104 vivere
235 2050 368 2119 occipitio
382 2050 471 2100 oculis
484 2047 623 2116 praedito.
641 2053 689 2100 Ius
703 2063 755 2115 ess,
771 2048 849 2117 quod
861 2048 1037 2101 Achaintrius
1059 2056 1089 2101 et

120 2117 209 2174 codd.
227 2118 343 2186 quidam
353 2117 472 2182 habent,
490 2116 562 2169 ferri
571 2130 629 2167 non
642 2124 743 2184 potest.
975 2132 978 2137 ·

195 2188 243 2238 Vs.
258 2188 300 2240 67.
317 2201 346 2240 et
354 2184 666 2258 prandia—Passorius
680 2204 716 2238 an
724 2189 855 2257 prandia.
868 2187 921 2239 Sed
933 2185 977 2238 vir
988 2184 1088 2238 doctus

121 2260 144 2312 E
165 2255 304 2311 hemerid.
327 2255 564 2325 Heidelbergenss.
586 2253 616 2304 in
640 2271 758 2306 censura
776 2255 931 2309 Achaintrii
950 2255 1088 2324 editionis,

152 2334 217 2378 tera
229 2325 367 2394 scriptura
384 2324 519 2377 Prisciani
531 2340 559 2393 p.
575 2324 650 2379 1175.
669 2324 779 2376 Putseh.
798 2330 828 2378 in
837 2330 958 2398 prandia
971 2326 1088 2394 reiecta,

122 2403 223 2449 tuetur
235 2408 262 2449 et
273 2398 396 2466 prandia
409 2410 528 2463 eamque
541 2400 619 2444 recta
634 2392 841 2461 interpretatur.
853 2397 906 2447 lies
921 2395 994 2447 vitae
1009 2411 1089 2447 com-

123 2464 229 2529 muiiis,
245 2463 345 2545 inquit,
357 2471 421 2515 sunt
430 2480 524 2544 utores
537 2461 662 2541 corrupti
675 2471 703 2514 et
715 2463 805 2530 luxus,
822 2463 859 2515 ad
872 2481 957 2584 ‹puem
970 2463 1090 2544 prandia

123 2532 1089 2674 ttttt.t.t.t.⁰‘.3¹¹ttttPittgtrflttttJZthS&tt

126 2672 244 2729 casaub,
261 2670 298 2723 ad
313 2622 497 2739 Theopbrast.
515 2668 642 2721 Gharact.
659 2673 692 2723 11.
709 2669 852 2723 Heindorf.
873 2670 908 2722 ad
922 2673 1016 2725 Horat.
1031 2674 1090 2725 Sat.

123 2746 149 2810 1,
166 2744 194 2809 2,
212 2742 254 2795 86.
277 2742 392 2810 liupert.
411 2741 553 2793 adiuven.
570 2740 625 2790 Sat.
638 2739 661 2803 1,
677 2739 848 2794 ist-sive
860 2740 938 2792 idern
952 2738 1028 2807 quod
1043 2742 1092 2793 vel

125 2814 162 2867 si.
173 2808 231 2862 vid.
247 2808 440 2863 Wunderlich.
454 2809 490 2861 ad
502 2806 604 2861 Tibull.
617 2810 638 2874 1,
654 2809 681 2875 6,
695 2812 739 2863 21.
759 2817 787 2861 et
799 2809 932 2875 Huschk,
951 2807 999 2876 qui
1012 2808 1088 2863 hunc
1123 2830 1136 2845 ⁸

124 2878 217 2941 Persii
230 2877 327 2931 locum
338 2879 429 2932 affert.
447 2877 517 2932 Add.
534 2878 645 2929 Terent.
665 2877 750 2930 Andr.
770 2883 789 2938 Ι,
806 2881 834 2932 2.
852 2882 957 2932 Dehinc
966 2880 1088 2948 postulo,

128 2952 191 3004 aive
203 2968 318 3020 aequum
329 2963 425 3013 carpta
439 2968 494 3001 oro.
512 2946 622 2998 Linacr.
640 2946 673 2999 L.
692 2948 731 3000 11.
748 2965 776 3016 p.
789 2947 864 3002 1848.
884 2947 1089 3014 interpunctio-

125 3034 196 3071 nem
207 3026 273 3098 post
294 3021 384 3070 dicere
402 3017 495 3069 Reizio
513 3015 655 3068 debemus.
672 3018 773 3072 Noster
781 3033 869 3090 poeta
890 3016 908 3068 i.
921 3033 945 3067 e.
961 3032 1046 3087 quem
1058 3015 1089 3069 in

126 3086 238 3141 delicsis
247 3085 391 3138 habemus.

199 3160 248 3211 Vs.
264 3158 308 3215 69.
330 3159 453 3210 videmus
464 3181 499 3197 -
510 3152 563 3206 atii
576 3153 682 3207 habent
697 3156 836 3208 docemus.-
855 3151 903 3223 qui
917 3169 997 3205 orror
1011 3161 1089 3206 ortus
1193 3174 1198 3184 ·

128 3232 173 3281 est
185 3240 221 3277 ex
231 3221 418 3293 praecedente
429 3232 509 3278 Ecce.

154 3340 157 3345 .
179 3322 182 3329 ·
198 3298 245 3349 Vs.
257 3291 408 3375 unium
418 3320 453 3335 ·-
469 3296 633 3374 &oraturam
646 3295 747 3347 induis.
783 3290 828 3343 Sic
846 3290 1018 3372 antiquiores
1040 3308 1089 3371 cq-

127 3362 209 3419 dices
222 3364 251 3423 et
270 3360 421 3418 obtrunca:
439 3376 511 3433 quse
528 3371 668 3433 scriptura
682 3362 840 3417 affirmatur
861 3361 968 3415 sidonu
984 3359 1090 3429 Apoth-
