2454 4110
118 346 121 352 ,
216 270 252 325 n
515 233 868 339 rnnurnuro

216 407 354 471 tudinem
368 405 507 471 fimerat.
550 407 652 486 Atque
672 407 864 487 ecquidem,
885 407 1105 471 sententiarum
1126 426 1198 473 aas

215 493 447 556 luberrimarum
461 493 656 572 plenissima,
673 492 773 554 animo
790 494 854 554 cius
876 492 1051 572 perfugium
1067 512 1103 555 ao
1126 514 1177 557 so·

215 578 322 639 latium
337 576 478 658 praebuit
493 579 525 638 in
544 582 628 639 tanta
643 583 815 657 temporum
830 578 969 652 tristitia,
992 583 1026 639 ut
1042 597 1113 639 cum
1126 580 1176 657 lla,

216 682 294 741 qnae
309 668 413 723 mente
427 663 663 736 recondidisset,
684 664 856 743 praeceptis
871 682 980 723 secure
994 681 1087 740 ogere
1102 682 1177 744 pos-

215 754 291 807 sct:·
302 747 373 821 sed,
395 752 430 807 ut
443 748 560 821 solent,
583 747 635 825 qui
642 747 794 808 viridioris
812 754 844 808 et
864 747 1044 808 ardentioris
1058 748 1176 826 ingenii

216 837 302 905 sunt,
325 851 418 909 quum
432 831 528 891 semel
543 830 652 890 aetatis
667 850 739 891 suae
754 831 849 892 indoli
871 850 909 890 ex
930 832 1055 893 adverso
1074 834 1177 895 consi-

216 920 322 990 steret,
343 921 375 975 ct
387 916 516 976 maximo
531 915 657 995 priscae·
666 913 823 979 Romanae
837 916 1176 982 uirtutisdesideriote·

215 1004 356 1072 neretur,
377 1018 440 1061 non
450 999 553 1079 potuit
566 999 624 1060 sibi
638 1004 826 1078 temperare,
848 996 921 1078 quin
935 1001 1210 1080 indignationem-s

216 1089 248 1143 et
261 1084 399 1161 querelas
413 1083 452 1142 de
466 1084 621 1164 praesenti
631 1084 787 1145 hominum
796 1085 932 1163 nequitia
945 1086 978 1145 in
993 1087 1094 1153 satiris
1109 1088 1176 1149 elo·

215 1174 375 1246 queretur,
397 1186 459 1227 non
473 1173 508 1228 ut
519 1175 658 1248 tempora
675 1171 869 1245 emendaret,
898 1190 1004 1230 verum
1026 1176 1062 1231 ut
1083 1190 1176 1235 seusa

215 1272 268 1312 sua
283 1253 402 1326 amicis,
432 1253 484 1333 qui
500 1254 637 1315 eiusdem
658 1261 746 1316 erant
765 1255 874 1328 animi,
903 1275 920 1315 a
943 1256 1053 1329 erirct,
1081 1261 1114 1317 et
1133 1276 1175 1333 ,so

214 1337 314 1414 ipsum
338 1340 465 1396 caract
487 1356 618 1415 angore,
640 1340 693 1415 qui
712 1331 820 1418 pectus
844 1275 1020 1414 obsiricebat,
1047 1339 1174 1417 levaret,

213 1419 331 1562 silpque
353 1419 603 1497 tranquillitatem
625 1420 725 1500 aliquo
745 1423 856 1486 saltem
880 1424 973 1487 modo
992 1424 1026 1485 iu
1040 1425 1174 1489 animum

211 1522 248 1564 re
269 1508 384 1563 uceret.
813 1530 816 1536 ·
1194 1512 1197 1517 '

277 1586 367 1665 Quod
383 1585 483 1648 eiiam
497 1586 649 1649 internam
664 1587 730 1648 cius
747 1588 910 1650 satirarum
926 1590 1058 1653 formam
1073 1592 1175 1655 consi-

145 1705 155 1725 .
213 1670 375 1745 decamus,
405 1673 591 1732 observanda
614 1676 662 1731 cst
685 1672 839 1748 sublimis,
868 1674 962 1741 facilc
983 1678 1176 1755 concitanda,

211 1761 319 1816 tenera
335 1760 367 1815 et
380 1755 499 1816 subtilis
515 1756 667 1817 sentiendi
682 1756 828 1831 facrdtas3
858 1759 1037 1839 conspicuus
1057 1760 1178 1838 utiquc

211 1839 331 1899 virtutis
346 1856 430 1899 amor
444 1840 650 1918 pristinaeque
664 1840 832 1901 honestatis
850 1841 1036 1902 desiderium
1059 1848 1092 1902 ct
1105 1843 1179 1921 pie·
1201 1884 1204 1889 -

211 1924 283 1983 tatis
298 1942 421 1984 sensns:
443 1923 536 1985 modo
551 1929 676 2004 apparet
691 1924 824 2002 lugentis
838 1926 930 1985 animi
948 1925 1055 2000 ardor,
1076 1927 1203 1988 intem·-¹

211 2006 285 2069 daun
301 2028 388 2073 sacer
404 2008 458 2069 ille
472 2026 612 2083 moeror,
634 2009 686 2088 qui
695 2009 827 2071 lectores
842 2016 907 2072 tam
921 2010 1051 2071 mirifice
1064 2011 1178 2091 afficit,

146 2159 149 2164 ,
210 2092 302 2153 modo
320 2090 458 2153 iuuenilis
480 2089 584 2150 fervor
605 2088 638 2148 in
662 2089 740 2152 uam
765 2092 899 2147 exardet.
942 2092 1023 2147 ilinc
1047 2093 1112 2147 cius
1126 2093 1176 2148 lo-

212 2177 324 2256 quendi
339 2176 448 2236 modus
466 2174 628 2253 grandior,
650 2171 830 2232 concitatior
852 2172 1067 2251 abruptinrque
1090 2172 1176 2252 opti-

211 2280 263 2322 me
281 2260 456 2338 explicatur.
1140 2324 1143 2329 ,

275 2344 320 2404 Ac
337 2342 490 2421 granditas
506 2336 651 2400 orationis
664 2335 730 2399 eius
744 2338 881 2401 consistit
894 2338 927 2399 in
940 2341 1057 2420 maguis
1073 2346 1106 2402 et
1119 2358 1176 2404 ex-
1216 2386 1219 2399 .

206 2427 301 2490 celsis
317 2426 456 2506 cogitatis
472 2429 504 2485 et
518 2424 684 2485 insincera
700 2443 843 2486 sensuum
860 2425 1004 2487 veritate:
1024 2445 1176 2504 nusquam
1215 2430 1219 2444 '

212 2511 460 2574 anhnadrertitur
481 2509 546 2570 sola
558 2508 651 2569 divini
670 2508 793 2570 afflatus
807 2511 935 2589 species,
953 2529 1101 2588 nusquam
1122 2516 1176 2573 tu-

212 2615 280 2657 mor
293 2595 400 2670 inanis,
416 2596 479 2656 'sire
495 2594 574 2672 ignis
591 2593 713 2672 quidam
727 2594 817 2655 nimis
833 2595 996 2655 artificiose
1013 2596 1176 2659 excitatus.

211 2680 246 2741 lo
263 2699 321 2759 qua
335 2678 427 2741 animi
449 2679 636 2741 sublimitate
655 2685 691 2740 ut
712 2697 747 2739 se
770 2680 941 2752 contineat,
964 2678 1084 2739 adiuvat
1100 2664 1176 2742 euin

211 2765 401 2845 potissimum
414 2764 506 2838 illud,
528 2765 610 2841 quod
624 2780 686 2824 non
702 2763 840 2842 singulos
856 2756 996 2824 hominis
1018 2763 1117 2853 carpit
1139 2770 1176 2826 et
1198 2816 1202 2823 .

211 2850 244 2909 in
258 2868 363 2910 eorum
389 2848 577 2929 turpitudine
604 2847 738 2909 notanda
759 2853 914 2920 versatur,
936 2848 993 2907 sed
1006 2848 1120 2913 ,vitium
1138 2853 1177 2911 et

81 2982 85 2987 .
211 2952 319 3013 prauo·
337 2952 455 3007 mores,
476 2951 551 3011 quos
574 2931 607 2992 in
628 2950 690 2993 uno
708 2933 841 2994 alterove
865 2932 1093 3005 animadvertit,
1115 2949 1177 3009 ge-

211 3019 342 3079 neratim
362 3024 394 3079 ct
414 3017 582 3098 prudenter
600 3017 775 3077 insectatur.
817 3016 893 3076 Inde
907 3017 1023 3076 factum
1038 3022 1104 3088 est,
1125 3023 1176 3093 ut,

212 3101 302 3173 nullis
326 3102 532 3182 exemplorum
552 3100 737 3179 vulgarium,
777 3100 1020 3178 quandoquidem
1042 3118 1080 3159 ea
1103 3099 1176 3179 ipsa

82 3184 87 3193 ’
213 3192 347 3247 mentem
370 3186 534 3248 detrahunt
558 3185 597 3245 ad
616 3185 835 3258 humilitatem,
864 3186 1009 3246 limitibus
1024 3183 1175 3261 inclusus,

212 3270 310 3331 libere
326 3271 500 3346 deferatur,
521 3274 555 3332 et
567 3269 974 3342 vivarerumffmmanarum,
996 3268 1177 3346 nonquales

212 3355 282 3430 sint,
303 3354 359 3416 sed
374 3356 477 3433 quales
491 3374 559 3417 esse
575 3354 716 3429 debeant,
736 3355 869 3434 imagine
883 3354 1030 3415 excitatum
1045 3353 1077 3413 id
1088 3354 1177 3430 quod

212 3438 315 3503 virtuti
328 3439 525 3505 iuimicumet
537 3440 721 3505 crameriam
735 3446 794 3519 est,
813 3458 886 3503 vero
904 3437 1026 3520 poetica
1040 3436 1175 3503 facun-
