2454 4110
352 248 732 361 -sunorarrouaa
981 274 1024 336 47

11 434 29 468 ’-
61 418 310 484 convenientum
326 417 397 471 item
407 420 521 477 Neroni.
539 419 612 485 Quia
628 423 713 488 Nero,
727 428 760 474 ut
774 420 921 475 Suetonius
934 436 959 477 c.
979 422 1022 481 51.

10 496 18 535 ἔ
60 490 169 559 refert,
188 505 308 558 corpore
324 489 468 541 maculoso
493 499 521 542 et
540 491 625 543 foedo
641 498 718 555 erat,
742 507 802 543 non
821 501 953 561 poterant
974 491 1023 543 illa

10 566 18 607 ’τ
62 563 354 631 summanequicqucm
357 561 428 631 pelle
436 563 555 625 decorus,
567 560 643 629 quod
653 558 766 629 quidem
773 563 885 614 decorus
891 561 1023 629 postulat,

10 626 22 649 ²
55 628 233 699 verbotenus
240 627 381 695 explicari,
390 644 477 748 eaque
493 631 636 681 Meisterus
649 629 686 681 ad
696 629 855 681 velamenta
868 629 1021 697 referebat,

61 713 136 768 qnae
143 699 219 749 Nero
227 696 342 766 flagitiis
350 706 378 748 et
384 710 430 765 ape
443 697 535 750 eribus
548 698 610 751 fere
625 698 662 750 ad
675 715 781 750 annum
793 715 880 768 usque
892 716 920 749 u.
930 715 954 750 c.
962 700 1023 754 811.

60 767 249 837 quaesiverat,
267 783 340 834 quae
353 775 448 819 tamen
461 783 495 820 eo
507 767 567 837 ipso
579 776 707 888 tempore
721 766 810 839 magis
825 767 971 838 magisque
982 767 1023 818 le-

58 844 137 902 vata,
146 837 249 887 sensim
263 836 402 906 neglecta,
416 843 541 890 extremo
553 838 629 889 mani
645 846 735 889 estam
750 854 803 907 per
816 835 1023 907 impudentiam

60 903 175 957 abiecta
190 912 278 956 erant.
292 904 346 956 Sed
360 907 403 957 vir
414 905 462 957 ille
475 906 668 978 sagacissimus
678 907 709 959 ia
719 907 773 959 hac
786 907 950 977 quaestione
965 921 1024 957 non

14 998 17 1003 ·
60 973 306 1026 animadvertebat
319 976 404 1027 verba
418 992 483 1030 ante
497 981 582 1040 diem,
602 993 674 1047 quae
687 993 753 1028 sane
767 977 864 1048 magni
878 977 907 1030 h.
923 975 944 1032 1.
961 991 1025 1037 mo·
1077 974 1081 983 “

60 1043 153 1095 menti
168 1049 242 1094 sunt·
275 1045 315 1093 Ea
327 1044 487 1112 significant
500 1045 586 1112 idem,
605 1045 681 1114 quod
692 1061 776 1113 supra
790 1061 854 1099 ente
862 1048 946 1118 pilos.
964 1047 1024 1097 lam

60 1127 130 1163 raro
147 1112 247 1162 Caesar
259 1114 392 1166 anmssll.
405 1112 448 1164 vel
464 1115 524 1167 812.
544 1122 573 1164 et
589 1114 665 1181 quod
680 1114 797 1180 excedit,
818 1131 873 1183 quo
887 1113 1024 1181 temporis

60 1180 155 1251 spatio
174 1179 281 1231 scelera
299 1181 356 1230 eius
374 1181 404 1231 in
426 1180 570 1247 publicum
584 1183 723 1244 exierant,
741 1183 865 1250 primum
881 1190 909 1233 et
925 1181 1024 1234 vicesi-

58 1264 143 1302 mum
159 1249 261 1319 agebat
271 1266 384 1305 annum.
417 1250 598 1303 Dominatum
612 1251 688 1303 enim
701 1252 761 1304 808.
777 1267 805 1304 ιι.
824 1268 849 1305 c.
867 1251 1024 1319 septemde-

11 1322 14 1327 '
60 1319 217 1371 cimnatns
233 1334 320 1370 annos
332 1328 528 1387 occupaverat.
556 1322 631 1373 Num
643 1328 719 1373 aetas
733 1320 790 1371 eius
805 1322 954 1372 etiamtum
969 1320 1024 1372 im·

59 1395 177 1440 matura
190 1397 253 1439 erat
267 1387 303 1440 ad
315 1389 464 1458 imperium
476 1389 649 1442 tenendum?
665 1392 766 1442 Nonne
773 1389 902 1441 insenum
914 1389 1023 1456 fuisset,

59 1457 87 1509 ri
102 1456 211 1509 Persius
224 1474 241 1508 a
255 1459 367 1510 Nerone
387 1459 572 1527 postulasset,
590 1468 638 1528 ut,
659 1476 746 1529 quum
766 1459 823 1511 iam
843 1476 895 1529 per
913 1468 1024 1528 tempus

60 1525 179 1595 aliquod
193 1536 347 1597 regnasset,
369 1529 475 1597 populo
489 1528 614 1580 blandiri
635 1528 794 1581 desineret?
813 1530 944 1582 Ceterum
964 1545 1024 1580 non
1053 1562 1062 1579 .

59 1594 155 1662 video,
169 1595 311 1665 quomodo
326 1597 412 1648 verba
426 1614 490 1651 ante
504 1602 583 1664 diem,
593 1597 617 1648 si
631 1614 665 1649 ea
674 1597 723 1665 ita,
742 1606 774 1649 ut
785 1599 940 1663 Meisterus‚
955 1597 1024 1649 velis

59 1664 259 1732 interpretari,
272 1667 432 1720 sententiae
445 1666 622 1739 reliquorum
640 1668 796 1721 verborum
813 1667 886 1721 bene
905 1682 1024 1719 accom-

62 1733 179 1787 modari
194 1744 308 1805 queant.

131 1808 178 1859 Vs.
198 1813 323 1866 17-22.
341 1806 419 1858 Mera
436 1806 546 1859 somnia
560 1807 590 1859 h.
603 1804 624 1858 l.
642 1804 783 1857 exsudavit
797 1805 961 1869 Meisterus;
979 1802 1025 1855 in·

59 1871 162 1943 primis
173 1873 311 1926 vexabant
333 1874 391 1925 eiua
410 1874 556 1946 ingenium
577 1875 663 1925 verba
674 1878 750 1927 haud
768 1877 847 1928 aliud
860 1876 1025 1946 respondeat

60 1944 131 1997 baec
153 1939 236 2006 anns,
254 1942 354 2010 quibus
373 1943 570 2010 interrogandi
588 1942 700 2008 signum
719 1942 851 2007 apponit,
869 1951 901 1992 ut
918 1941 939 1990 si
960 1940 1024 1991 nifi-

60 2013 148 2065 cent'’
164 2007 240 2058 haud
261 2008 356 2058 aliud?
373 2025 426 2059 nec
444 2010 523 2076 peius
536 2006 704 2077 quidquam,
722 2007 891 2073 respondeat
905 2024 953 2057 mu
968 2006 1026 2059 'er-

25 2118 34 2133 .
60 2074 164 2142 eulal,
180 2073 251 2125 nihil
271 2083 367 2126 tamen
383 2074 535 2145 respondet
553 2074 620 2141 illa,
640 2073 693 2126 etsi
704 2091 773 2142 opus
785 2083 840 2139 est,
859 2083 891 2126 ut
908 2090 1025 2144 respon·

10 2168 32 2183 -·
60 2146 139 2199 deat.
176 2142 250 2207 Quid
258 2143 347 2215 ,igitur
361 2144 432 2196 facit
454 2144 555 2197 artifex
569 2143 794 2213 interpretandi?
812 2146 927 2198 Poetam
940 2143 1025 2216 fingit

59 2212 274 2283 responsionem
292 2230 324 2265 ex
339 2213 400 2282 ipso
417 2214 543 2266 mulieris
556 2213 638 2265 vultu
655 2230 835 2284 cognoscere,
852 2223 884 2266 ut
898 2221 959 2265 tum
972 2230 1025 2284 per

61 2298 181 2337 sannam
190 2282 314 2353 aliquam
327 2292 375 2334 aut
388 2283 612 2336 mussitationem
625 2284 664 2334 “l
677 2288 771 2336 nunc''
785 2283 963 2354 triumphans
978 2300 1024 2336 ex·

63 2351 178 2407 clamet
198 2355 289 2414 Quam
299 2352 391 2404 vivida
405 2362 446 2405 est
457 2352 578 2405 Meisteri
597 2353 771 2423 imagipaudi
783 2354 839 2407 vis!
858 2354 942 2407 Modo
958 2370 1024 2407 ean-

63 2421 133 2475 dem
145 2421 295 2474 habuerint
311 2432 412 2489 poetae
426 2422 526 2489 amici,
545 2422 645 2493 quibus
659 2422 725 2474 solis
737 2424 812 2476 hanc
826 2425 941 2476 satiram
955 2424 1024 2476 scri-

62 2498 147 2612 ptam
165 2490 221 2554 ait3
247 2499 393 2561 praeterea
411 2508 511 2555 vereor
528 2491 734 2560 maximopere,
764 2509 801 2543 ne
820 2492 840 2543 ii
858 2495 945 2545 rerba
969 2493 1024 2545 ista

77 2574 151 2630 onge
164 2559 247 2612 aliter
261 2560 458 2612 intellexerint.
493 2562 616 2612 Venerat
627 2569 722 2612 autem
737 2560 779 2612 vir
793 2561 893 2613 doetus
907 2562 937 2613 in
948 2563 1023 2615 hano

64 2629 241 2691 sententiam,
252 2628 318 2698 quia
328 2629 454 2681 ieiunum
469 2629 617 2680 consilium
630 2629 813 2696 existimabat,
826 2647 891 2682 cum
904 2630 1023 2683 mulier-

66 2696 132 2759 cula
148 2697 205 2749 fori
222 2698 346 2750 herbarii
363 2697 398 2750 de
410 2697 511 2749 finibus
525 2697 667 2750 bonorum
682 2707 710 2750 et
723 2698 866 2750 malorum
878 2698 1023 2768 disputan·

65 2764 105 2820 di.
123 2766 177 2817 Ubi
189 2784 256 2818 vero
270 2767 419 2838 vestigium
432 2764 568 2818 eiusmodi
579 2767 772 2837 disputationis
785 2767 1022 2836 deprehenditur?

64 2838 99 2887 In
112 2835 308 2906 cognoscendo
322 2852 432 2889 summo
444 2835 521 2887 bono
533 2843 574 2902 tu,
586 2836 749 2897 Alcibiades,
757 2837 848 2905 inquit
859 2846 952 2904 poeta,
964 2854 1023 2891 non

66 2902 165 2957 differs
178 2904 214 2955 ab
234 2905 343 2958 anicula
362 2905 515 2968 herharea3
534 2902 615 2957 sicuti
633 2914 667 2957 tu
688 2906 757 2958 fines
772 2906 913 2957 honorum
933 2906 964 2959 in
978 2906 1023 2958 iu-

66 2970 160 3025 cunde
183 2973 300 3026 vivendo
320 2975 416 3044 ponis,
441 2975 482 3026 ita
500 2973 587 3027 etiam
609 2974 666 3028 ille.
702 2976 811 3028 Etenim
838 2975 1022 3047 interrogate,

65 3040 146 3113 qaod
162 3041 220 3094 eius
240 3042 275 3094 sit
287 3043 362 3096 vitae
379 3041 565 3113 propositum,
580 3044 651 3096 nihil
664 3044 854 3114 respondebit,
864 3043 918 3096 nisi
932 3061 961 3097 se
974 3045 1022 3096 lu·
1064 3054 1068 3061 ’

65 3126 151 3163 crum
163 3119 303 3181 spectare,
320 3112 386 3165 inde
399 3122 432 3165 ut
444 3113 533 3165 vitam
549 3112 602 3166 sibi
619 3130 733 3173 suarem
752 3122 906 3182 comparet.
938 3115 1023 3168 Vides

63 3178 172 3260 igitur,
190 3197 274 3250 quam
287 3181 384 3234 similis
397 3182 471 3235 illiue
491 3181 545 3234 hac
562 3181 639 3236 inre
659 3184 695 3235 ad
707 3183 912 3253 rempublicam
930 3183 1022 3237 admi-

64 3248 242 3301 rnstrandam
261 3252 417 3321 accesseris.
450 3255 463 3302 1
482 3267 572 3320 nunc,
595 3252 763 3318 intumesce,
789 3251 911 3323 gloriare
933 3270 1022 3323 quan·

65 3316 172 3369 tumris
189 3317 225 3371 de
241 3320 351 3391 generis
367 3319 409 3372 tui
428 3320 572 3390 claritate,
595 3321 687 3387 iacta,
708 3337 793 3391 quam
815 3322 958 3375 formosus
975 3321 1021 3386 sis,

65 3384 140 3439 nihil
153 3386 281 3451 taiurat,
312 3388 450 3461 Equidem
463 3390 548 3451 facile
558 3390 613 3443 tibi
622 3390 678 3444 hoc
690 3390 853 3461 concedam,
864 3388 1021 3443 dummodo

994 3810 1164 3939 ἢ..
