2454 4110
226 358 270 429 54
520 360 891 419 Anuornrmnes,

226 510 260 575 V,
277 508 304 575 ἵ,
321 506 365 563 tt.
383 513 416 559 ut
435 507 577 577 suspicor,
594 506 639 559 Dii
658 517 737 576 sunt,
756 509 805 580 qui
827 508 891 562 viae
914 514 1061 577 praesunt,
1078 510 1114 561 ut
1131 498 1186 559 sint

226 576 293 633 θεοὶ
307 574 428 644 ἐνόδιοι,
445 595 515 647 quos
531 578 663 630 invocare
680 578 787 647 solent,
804 580 853 649 qui
866 594 985 647 peregre
1001 576 1186 647 proficuam·-
1217 642 1220 647 Ι

227 656 284 714 tur,
302 656 330 698 et
343 647 379 699 ad
391 646 468 699 viam
480 664 510 699 se
525 647 684 717 accngunt,
703 665 759 717 quo
774 650 862 701 etium
873 654 1062 717 cognomento
1074 645 1186 699 colaba-
1214 656 1217 663 ·

227 717 457 839 ῑὲιτΜῗτοᾳῐὶυε.
486 716 557 772 Add.
581 716 736 770 Broulrhus.
765 718 802 770 ad
821 720 947 786 Propert.
968 715 1041 784 Μ,
1060 717 1103 771 17.
1127 712 1186 771 Vld.

255 802 313 838 esn.
342 801 469 840 ermon.-
731 815 733 819 ·
1221 814 1223 841 ;

296 857 344 908 Vs.
361 855 406 909 88.
422 860 493 926 App.
512 858 562 908 int.
579 857 703 909 extendit
719 856 816 927 regula
832 876 962 910 mores-
976 852 1032 907 alii
1048 856 1184 916 ostmditt

230 923 369 992 optimum
382 930 425 975 est
443 926 580 990 extendit,
599 923 663 992 quia
683 932 769 990 poeta
785 924 816 975 iu
832 924 1005 993 'metaphora
1019 922 1184 991 permansit:
1221 954 1223 979 !

298 1133 345 1183 Vs.
363 1128 398 1185 45
411 1133 503 1185 -50.
533 1130 709 1183 Heindoriius
728 1130 759 1182 in
778 1148 840 1183 mar
862 1130 867 1142 '
890 1128 990 1184 eadit.
1016 1129 1183 1199 bipontinus,
1220 1147 1223 1183 ι

231 1199 277 1252 cui
293 1199 342 1251 ille
360 1198 470 1251 notulas
493 1200 568 1252 inter
587 1198 740 1270 legendum
757 1200 914 1269 adscripsit,
937 1200 1008 1252 baec
1028 1200 1183 1253 adnotavit:
1221 1190 1223 1253 ζ

231 1268 331 1322 Omnia
355 1268 417 1320 fata
442 1268 565 1321 hominis
585 1278 665 1322 vatus
679 1269 840 1337 superstitio
857 1269 979 1337 'putabat
998 1269 1139 1321 'constitui
1151 1284 1182 1321 ao
1219 1282 1223 1348 1

231 1330 480 1407 siderc,q1iodeo
501 1346 662 1403 momento,
681 1354 737 1418 quc
759 1338 878 1418 quisque
893 1347 1068 1404 nasceretur,
1087 1354 1183 1409 surge·

230 1416 290 1472 ret;
308 1407 470 1458 tumetium
487 1423 535 1476 eo,
555 1408 632 1477 quod
647 1407 714 1459 huic
732 1407 868 1475 primario
882 1415 957 1459 astro
970 1406 1016 1459 vel
1047 1407 1183 1459 roximum

231 1475 276 1528 vel
294 1474 421 1527 vicinum
441 1484 513 1526 esset
534 1475 781 1544 (coniunctionem
802 1475 974 1541 vocabant),
998 1422 1046 1527 vel
1061 1476 1184 1529 differret

231 1543 267 1595 ab
279 1558 312 1594 eo
327 1551 418 1609 serta,
436 1551 551 1612 quarta,
569 1545 653 1597 tertia
671 1545 743 1597 coeli
755 1553 849 1612 parte,
866 1545 913 1597 vel
929 1544 1049 1614 denique
1064 1544 1093 1597 ei
1110 1560 1182 1597 crc-

231 1611 315 1683 gione
336 1628 371 1679 op
394 1610 496 1665 ositum
516 1622 598 1665 esset.
633 1617 664 1665 In
678 1613 797 1680 planetis
814 1613 935 1664 multum
947 1613 1070 1680 valebat,
1088 1614 1120 1665 in
1131 1628 1182 1685 quo

231 1680 371 1800 tttlt
383 1681 507 1801 titt
519 1680 1048 1818 tttttttttsstltffittlrti
1069 1690 1184 1819 elli}

231 1818 333 1870 Veneri
343 1818 437 1884 Libra,
451 1788 570 1869 ’Saturno
589 1815 790 1884 Capricornus,
808 1818 892 1869 Marti
904 1818 1043 1885 Scorpius.
1063 1821 1114 1873 liis
1128 1836 1183 1873 om·

231 1885 313 1939 nibus
324 1886 399 1940 inter
410 1904 440 1939 sa
451 1885 620 1954 comparatis
631 1883 806 1936 efficiebatur
817 1885 935 1953 genesis,
948 1885 1028 1950 hora,
1046 1888 1182 1955 genitura,

231 1954 307 2008 sidus
322 1954 490 2021 natalitium,
508 1952 586 2007 cuius
598 1953 754 2006 observatio
765 1953 939 2022 horoscopus
951 1953 1109 2009 dicebatur.
1139 2000 1143 2009 .

301 2026 347 2080 Vs.
357 2024 403 2080 40.
420 2026 624 2097 Artificemque.
642 2022 819 2075 casaubonus
829 2022 917 2075 scribi
927 2022 1049 2074 malebat
1058 2016 1183 2095 artificis·

232 2093 442 2217 puehsspetpsvpdc
453 2093 747 2218 h.r.1p}plicationcm
757 2109 802 2162 ap.
819 2092 848 2147 G.
860 2092 1004 2145 Barthium
1015 2092 1128 2150 adstat.
1138 2092 1183 2147 lib.
1201 2098 1204 2103 '

328 2201 335 2215 .
407 2200 414 2215 .
452 2178 467 2212 a
489 2200 496 2215 .
584 2200 592 2215 .

257 2180 273 2217 c
300 2232 346 2283 Vs.
364 2232 408 2285 61.
426 2179 526 2283 helcio
541 2231 623 2300 quod,
641 2242 713 2281 certe
726 2242 777 2296 est,
796 2233 870 2301 quod
880 2258 916 2269 -·
927 2230 991 2282 Non
1005 2224 1123 2283 dubium
1136 2240 1183 2297 est,
1200 2290 1216 2300 ,Ι

232 2298 301 2368 quin
313 2297 384 2350 haec
393 2305 472 2349 recta
482 2297 519 2348 sit
532 2296 627 2360 lectio,
646 2311 734 2363 quum
752 2311 870 2363 astrum,
890 2315 947 2366 quo
970 2299 1093 2367 pertinet
1106 2302 1184 2373 quod,

231 2373 381 2487 pepuutur.¹
408 2367 588 2485 Nespiclqz‘tiid
600 2363 667 2483 §puis
683 2363 828 2416 notissima
843 2375 905 2418 erat
917 2366 1037 2421 librariis
1052 2368 1184 2439 formula,

328 2450 353 2484 n
403 2448 449 2484 em
481 2470 488 2486 Ι
518 2467 525 2482 Ι
562 2448 630 2486 uxlt
1085 2450 1092 2463 Ι
1161 2450 1165 2457 Ι

231 2452 261 2555 hu
282 2448 406 2558 elagbll.
422 2505 479 2555 Hic
490 2522 584 2574 canipo
596 2498 678 2575 indul
694 2515 721 2556 et
732 2528 769 2543 -
779 2502 799 2559 i.
820 2518 844 2559 e.
862 2505 1065 2573 campestribus
1081 2506 1184 2573 exerui·

231 2570 394 2626 tationibus.
428 2570 620 2637 Achaintrius,
644 2522 694 2623 sed
708 2572 798 2638 male,
823 2572 848 2624 si
872 2577 998 2645 indulget
1019 2584 1048 2627 et
1067 2574 1183 2646 reliqna,

231 2658 305 2712 quae
322 2640 464 2693 adduntur
482 2639 610 2711 negotia,
627 2639 807 2709 respicimus,
823 2642 894 2695 brec
918 2656 1038 2713 quoque·
1048 2644 1136 2697 verba
1150 2644 1184 2697 da
1221 2646 1223 2693 ξ

232 2710 385 2764 honoribus
393 2708 546 2762 ambitione
558 2709 587 2761 in
598 2724 698 2778 campo
713 2710 813 2762 Martio
826 2712 1003 2780 quaerendis,
1014 2712 1063 2765 ubi
1071 2713 1184 2767 comitia
1220 2702 1223 2811 4

231 2780 415 2846 habebantur,
428 2778 573 2844 intellexit,
629 2794 762 2848 amquam
780 2782 878 2845 Horat
894 2780 944 2833 lib.
962 2784 1009 2833 ΙΙΙ.
1028 2781 1076 2836 od.
1094 2786 1123 2849 1,
1143 2785 1184 2839 tt.
1221 2834 1223 2849 ,

232 2849 298 2901 “bic
309 2848 473 2921 generosior
484 2796 634 2901 descendit
643 2847 674 2900 in
687 2864 819 2918 campum
830 2848 955 2918 petitcr”
965 2850 996 2903 in
1010 2866 1093 2904 suum
1104 2866 1185 2905 utun

232 2916 366 2971 adhihere
380 2917 526 2983 potuisset.

299 2989 345 3040 Vs.
364 2988 406 3042 58.
426 2990 461 3039 In
476 3006 598 3039 venerem
608 2984 836 3057 putris-Omisi
849 3000 891 3039 est
904 2995 969 3041 unte
978 2992 1186 3063 putrisaucto-
1221 2996 1223 3019 ²

232 3054 315 3106 ritate
326 3054 527 3107 nonnullorum
538 3053 678 3117 codicum,
693 3070 763 3123 quoa
774 3054 949 3109 Achaintrius
961 3057 1111 3127 consuluit,
1126 3068 1185 3113 tum

231 3123 421 3175 Wimariensis
438 3133 467 3175 et
486 3123 699 3177 Chemnicensis.
735 3122 902 3177 Scholiastes
926 3126 956 3177 in
977 3127 1101 3181 Parisino
1123 3128 1184 3183 cod

232 3190 273 3243 sic
283 3190 406 3243 adriotat.
442 3197 477 3247 In
492 3198 620 3249 Venerem
628 3196 767 3264 putrir-
779 3212 817 3246 sc.
833 3209 890 3259 est,
906 3198 979 3266 quod
992 3200 1022 3249 in
1038 3199 1105 3251 aliis
1116 3200 1184 3251 male

233 3264 353 3314 additur.
388 3260 458 3313 Hinc
477 3279 510 3315 eo
531 3261 642 3315 facilius
659 3274 768 3341 putrer,
792 3261 868 3342 quod
888 3264 1065 3317 Gasaubonus
1085 3272 1117 3319 st
1139 3264 1184 3337 qui
1221 3314 1223 3321 .

232 3344 298 3383 eum
311 3330 423 3399 sequuti
435 3341 510 3397 sunt,
527 3331 641 3399 habent,
656 3345 686 3380 tn
698 3329 786 3382 libros
797 3347 922 3402 irrepere
938 3341 1058 3402 poterat.

300 3401 346 3453 Vs.
365 3399 408 3453 58.
442 3401 530 3453 Affers
549 3401 621 3455 hacc
643 3399 732 3451 rerba
753 3400 850 3453 Petrus
873 3402 1008 3455 Blesensis
1032 3401 1114 3472 epirt.
1140 3402 1183 3459 85:

232 3468 373 3534 “Quidam
391 3466 446 3521 toti
457 3480 522 3524 runt
537 3468 569 3523 in
580 3476 705 3542 gutture,
721 3469 824 3524 merito
841 3470 1053 3543 grugulionibus
1069 3486 1184 3545 compa·
1220 3496 1223 3527 t
