2454 4110
430 274 802 335 auuorsmouss.
976 238 979 245 ¹
1052 281 1095 345 33

129 416 242 472 Persius
253 424 313 473 n'on
321 420 458 476 recedens
468 422 637 493 aproposite
649 425 817 493 metaphora
823 424 991 497 aequissimo
999 426 1093 479 animo

130 489 302 557 respondet:
326 507 358 553 ur
376 494 481 546 ramale
498 494 577 546 vesus
597 498 734 565 vegrandi
756 498 849 548 subere
873 512 985 549 coctum.
1020 494 1095 547 Illud

131 558 273 628 signifieat
285 577 410 628 carmen,
424 561 500 631 quod
514 561 647 614 mollibus
666 570 695 614 et
708 563 825 634 turgidis
841 563 965 616 versibus
979 581 1095 634 compo-

131 628 219 679 situm
241 629 410 683 extrinsecus
427 631 605 696 intumescit,
630 639 661 681 ut
681 632 760 684 nulla
779 630 921 685 subiectae
940 634 1094 686 sententiae

131 694 371 765 habearamus,
387 699 444 752 hoc
463 709 577 783 contr·
603 700 679 770 quod
697 700 775 754 omni
793 710 907 754 tumore
924 718 1045 754 vacuum
1066 711 1095 755 et

132 765 161 819 ri
178 765 291 819 interna
313 784 348 820 ac
370 769 468 840 vigore
485 776 656 825 naturatum
673 780 724 827 est.
763 772 835 823 Nam
856 774 995 842 vegrande
1014 773 1095 825 suber

130 834 287 957 apponitur
297 842 402 900 corsici,
421 837 470 908 qui
483 840 602 893 exterius
612 840 724 893 arboris÷
731 840 925 910 tegumentum
939 847 989 905 est,
1007 857 1095 910 quum

133 903 140 915 ”
163 904 205 963 ud
217 906 352 959 interiora
363 906 478 963 iudicet.
496 908 559 965 Vid.
575 907 646 961 Plin.
664 908 799 965 Histnet.
816 909 865 965 lib.
872 912 920 963 XI.
935 907 1011 965 cli.
1030 915 1096 963 Gor·

131 976 190 1029 tice
201 978 233 1028 in
243 978 332 1030 orbem
345 979 467 1031 detracto
480 992 612 1031 necantur
621 980 747 1045 arbores,
764 995 876 1053 excepto
894 981 1004 1046 subere,
1021 982 1096 1050 quod

130 1047 175 1098 sie
186 1046 270 1097 etiam
282 1049 407 1099 iuvatur:
422 1053 595 1103 crassescens
609 1052 680 1100 enim
690 1053 913 1121 praestringeret
926 1051 1095 1119 strangulat.

130 1112 182 1167 lib.
197 1114 269 1169 xvi.
287 1114 365 1171 aso.
389 1121 424 1169 In
434 1120 514 1187 aquis
526 1136 581 1170 non
588 1120 690 1186 fluitat
705 1119 798 1183 suber,
815 1124 840 1171 si
855 1120 980 1171 dematur
992 1132 1093 1175 cortex·

131 1198 159 1237 e·
166 1184 192 1237 8.
210 1199 303 1237 cortex
313 1199 421 1239 tantum
437 1190 466 1237 in
473 1186 582 1256 fructu,
593 1205 774 1256 praecrassus
786 1208 819 1239 ac
832 1206 987 1252 renascens,
1011 1200 1095 1258 atque

131 1256 218 1307 stiam
231 1257 261 1307 in
271 1256 355 1309 denos
361 1256 448 1326 pedes
460 1257 579 1325 undique
591 1255 764 1332 explanatas.
796 1258 970 1326 Praegrandi
982 1271 1034 1323 pro
1047 1276 1094 1309 ve·

130 1324 236 1395 grandi
248 1322 386 1391 scriptum
399 1330 441 1375 est
454 1322 490 1375 ab
505 1340 556 1387 eo,
576 1338 623 1390 qur
636 1320 718 1373 huius
729 1324 787 1375 rim
802 1323 923 1394 eugendi
935 1323 963 1374 h.
976 1324 995 1376 l.
1009 1324 1095 1392 aptis-

130 1390 235 1443 simam
253 1408 321 1459 prae
342 1391 432 1443 altera
454 1391 600 1444 minuendi
621 1400 721 1449 notare
740 1392 840 1447 voluit.
866 1392 926 1447 Vid.
946 1392 1093 1448 Heindorf.

131 1458 170 1513 sd
186 1462 281 1517 Horat.
299 1466 361 1517 Set..
371 1479 436 1531 pag.
451 1459 495 1517 sl.
507 1478 548 1531 sq.
565 1500 567 1505 .
585 1464 643 1513 lam
664 1462 791 1515 monitor
805 1478 892 1532 quum
911 1479 941 1514 se
956 1478 1051 1515 rursus
1062 1462 1093 1515 iu

130 1544 168 1581 an
220 1530 274 1581 tias
285 1530 431 1583 redactum
444 1531 554 1597 entiat,
560 1531 678 1601 ambigit
691 1540 718 1582 et
729 1531 886 1603 interrogat
894 1541 1017 1601 poetam,
1025 1531 1094 1602 quid

130 1546 228 1666 mailli,
244 1600 311 1670 quid
322 1609 454 1653 tenerum
470 1601 520 1666 sit,
537 1600 579 1653 ita
592 1608 696 1669 mmsis,
714 1609 747 1653 ut
764 1601 825 1671 ipse
843 1618 939 1656 versus
952 1602 1093 1671 subiiciat,

132 1684 203 1741 qrsos
213 1668 256 1723 sic
273 1679 451 1739 comparatos
463 1676 553 1739 putat.
739 1722 742 1729 ,

188 1740 248 1795 rs.
260 1742 319 1797 100.
337 1756 445 1813 raptum
456 1769 492 1779 -
504 1739 570 1793 (lod.
587 1738 781 1805 vinxerimus,
812 1750 840 1793 et
856 1740 963 1795 multae
982 1749 1093 1795 veteres

130 1806 269 1861 editiones
282 1825 398 1877 sectum,
416 1809 682 1881 Marciliusroptim.
717 1814 755 1861 Ut
766 1810 922 1881 tautologia
931 1813 1093 1869 ¹verborum

128 1880 416 1949 raptum-oblaturis
429 1878 589 1944 tolleretur,
606 1878 752 1946 proposuit
764 1879 806 1930 vir
820 1879 918 1931 doctus
931 1880 960 1931 in
976 1882 1093 1950 Ephem.

129 1946 310 2016 Heidelberg.
328 1951 460 2011 allatura,
478 1965 535 1998 non
550 1947 694 2014 cogitans,
713 1964 807 1998 versus
822 1956 921 2013 poetae
935 1948 1024 2013 citari,
1043 1949 1093 2017 qui

129 2030 191 2070 non
200 2016 293 2083 ipsam
305 2016 472 2064 senteutiam
487 2014 648 2073 verborum,
656 2012 715 2088 ‘sed
726 2015 820 2079 potius
831 2022 975 2067 tumorem
989 2025 1017 2068 et
1031 2017 1093 2070 ins-

80 2088 95 2101 *
128 2100 199 2149 nem
217 2080 349 2134 orationis
365 2088 496 2131 ornatum
508 2085 683 2146 spectarent.

201 2145 1093 2229 Vs.109.canina-Viti.iosephiScsiig.Coniectaneapagdii·

200 2230 247 2283 Vs.
259 2230 316 2283 121.
337 2233 400 2299 quis
416 2248 472 2283 non
490 2231 582 2283 hahes.
594 2273 598 2296 2
610 2226 706 2283 Altera
722 2225 806 2279 lectio
821 2232 900 2281 Mida
914 2230 1009 2295 habes,
1027 2244 1092 2280 me-

130 2312 196 2353 rum
210 2298 388 2374 grammatici
404 2294 550 2350 cuiusdam
564 2304 758 2349 commentum
771 2305 821 2361 est,
832 2297 907 2367 quod
919 2298 958 2349 ita
972 2297 1091 2367 placuit,

130 2378 165 2421 ut
178 2367 263 2421 Persii
273 2368 350 2419 'vitae
365 2367 440 2435 apud
452 2367 616 2420 Suetonium
631 2364 816 2432 adiiceretur,
835 2377 919 2437 atque
932 2368 972 2420 sic
984 2367 1093 2420 stabili·

130 2446 194 2493 tum
207 2439 238 2489 in
249 2446 358 2489 veteres
369 2437 435 2489 inde
448 2437 596 2489 nonnullas
609 2435 744 2486 editiones
759 2437 901 2489 transiret.
928 2438 1009 2500 Quod
1027 2454 1092 2490 eam

129 2524 150 2561 a
162 2509 295 2576 Cornuto,
317 2505 403 2558 Persii
419 2515 620 2574 praeceptore,
639 2504 756 2555 Neronis
775 2514 869 2571 metu,
887 2522 923 2557 ne
936 2507 1092 2559 memoriae

130 2586 234 2649 poetae
248 2585 277 2629 et
297 2574 395 2627 domui
411 2576 556 2627 universae
569 2582 653 2643 atque
665 2573 734 2624 adeo
747 2572 798 2624 sibi
811 2575 862 2642 ipsi
872 2585 1004 2641 noceret,
1023 2592 1092 2629 cum

150 2650 195 2701 uis
207 2668 262 2701 non
275 2648 357 2701 babes
375 2652 580 2696 commutatam
592 2642 676 2693 fuisse
693 2642 806 2708 dicunt,
824 2643 853 2693 id
869 2643 928 2695 iam
943 2644 1007 2697 ideo
1025 2662 1092 2698 cre-

129 2670 257 2769 dendum
268 2731 327 2769 non
342 2722 398 2778 est,
416 2713 493 2783 quod
517 2710 693 2779 sumptura,
719 2728 790 2783 quae
805 2711 833 2762 in
853 2710 935 2764 illum
955 2714 1030 2766 diota
1049 2714 1092 2765 vi-

130 2785 279 2845 derentur,
307 2799 434 2853 quaeque
452 2799 517 2835 vera
541 2780 740 2849 interpretibus
763 2780 940 2850 maximeque
958 2783 1090 2836 Meistero

128 2854 162 2908 in
173 2858 230 2906 Sat.
248 2856 293 2907 IV.
310 2854 461 2917 virosum,
479 2848 677 2921 exstinguenda
691 2858 779 2903 erant.
815 2854 916 2902 Omnes
930 2849 1030 2903 deinde
1043 2870 1091 2905 co-

129 2924 210 2982 dices
218 2922 370 2976 lectionem
386 2925 448 2993 quis
461 2942 516 2975 non
528 2924 609 2974 habes
622 2918 765 2983 exhibent,
784 2936 902 2989 eamque
922 2920 1007 2973 series
1026 2938 1091 2973 ora-

128 2992 263 3056 tionis,ut
276 2992 334 3043 ium
346 2988 486 3042 §sicherus
498 2987 652 3054 contendit,
659 2989 770 3059 egregie
781 2989 976 3042 commendat:
992 3007 1047 3061 qua
1059 2989 1090 3043 in

129 3078 165 3117 re
177 3060 332 3133 praecipue
345 3060 499 3113 tenendum
513 3067 571 3125 est,
588 3067 688 3127 poetae
701 3058 782 3109 huius
792 3075 902 3110 morem
914 3075 988 3124 esse,
1006 3068 1039 3112 ut
1053 3059 1091 3113 sd

130 3148 175 3199 ea,
191 3131 267 3183 unde
282 3145 409 3200 egressus
423 3138 477 3193 eat,
497 3128 533 3181 ad
555 3138 711 3179 extremum
730 3128 835 3180 redeat.
873 3132 909 3180 Ut
926 3128 1012 3199 igitur
1027 3148 1091 3182 ver-

130 3218 179 3253 sus
196 3201 357 3255 121-122.
376 3198 412 3249 ad
426 3198 539 3250 initium
552 3195 660 3264 satirae,
679 3196 727 3248 ubi
739 3197 833 3266 is‚.qui
846 3205 981 3267 tanquam
992 3200 1091 3251 moni·-

130 3268 202 3323 toris
233 3284 362 3321 essuriem
374 3269 499 3334 sustinet,
506 3266 653 3319 Persiuma
667 3266 755 3317 satiris
769 3267 977 3319 conscribendis
988 3269 1089 3321 retine·

129 3356 164 3393 te
228 3347 248 3405 t,
265 3337 368 3391 referri
381 3336 494 3403 debent,
510 3336 551 3389 ita
563 3335 610 3387 bic
622 3352 715 3387 versus
728 3335 762 3386 ad
776 3336 861 3387 verba
880 3336 930 3389 illa
947 3342 1019 3392 Nom
1032 3344 1089 3390 Ro-

126 3429 195 3466 rnae
208 3423 250 3463 sss
262 3412 325 3481 quis
338 3408 414 3463 non?
438 3405 521 3471 Quod
531 3404 590 3475 illic
603 3421 656 3477 per
666 3404 840 3475 aposiopesin
852 3406 980 3477 obticuit,
999 3404 1089 3476 quod-
